3324 5238
790 387 1011 452 -40..

324 564 422 628 verbio
444 565 652 639 adiunxerunt,
680 565 816 646 copulam
846 565 1107 646 interposuerunt:
1140 565 1169 628 id
1193 567 1271 645 quod
1306 565 1406 630 Cicero
1439 565 1474 630 in

325 664 455 745 epistolis
485 671 601 726 tantum
630 664 786 745 aliquoties
814 665 954 743 neglexit,
984 664 1009 725 si
1038 663 1147 742 vulgari
1177 664 1309 726 sermoni
1336 665 1472 729 indulsit.

325 771 416 844 atque
437 771 540 825 noster
561 763 591 824 in
613 763 822 843 philosophicis
844 763 926 825 libris
954 763 1081 842 optimos
1109 771 1245 826 auctores
1273 772 1392 826 secutus
1415 773 1474 838 est,

324 863 360 925 cl.
385 863 421 924 de
444 861 519 924 Plat.
548 870 577 924 et
600 861 663 923 eins
687 861 783 942 dogm.
808 862 842 936 ll,
867 861 931 935 3,2
953 861 1017 923 hinc
1039 873 1123 943 atque
1143 863 1208 924 ande
1229 866 1376 942 permutato
1397 882 1474 938 esae;

324 961 438 1024 dedeo
462 961 543 1023 Socr.
573 960 755 1034 10‚3nunc
783 963 925 1022 entrnoero
946 959 1089 1040 pendulae
1117 970 1143 1022 et
1170 961 1285 1022 mobiles
1313 961 1367 1024 huc
1389 971 1476 1043 utque

323 1060 393 1122 illuc
426 1064 484 1122 vice
515 1063 633 1122 nocturn
665 1063 697 1121 in
737 1063 812 1121 neris
841 1060 941 1140 pelope
968 1063 1058 1122 ventis
1087 1061 1298 1140 puhernontur.
1347 1061 1476 1124 eandem

325 1165 425 1220 autem
449 1159 608 1221 dictionem
636 1158 713 1238 apud
735 1157 897 1220 hruohium
920 1159 1095 1231 invenimus,
1118 1177 1208 1239 quem
1232 1160 1264 1221 in
1292 1159 1355 1222 aliis
1384 1179 1476 1240 saepe

325 1257 603 1336 metamorphoseon
633 1273 802 1318 sermonem
836 1257 976 1319 aemulari
1015 1257 1253 1331 monstravimus,
1282 1258 1414 1338 pter,
1433 1258 1475 1320 12

325 1357 438 1420 eumilo
463 1357 526 1418 hinc
542 1367 567 1418 et
589 1357 654 1418 inde
673 1356 872 1436 praestatum
894 1388 936 1400 --
958 1375 986 1435 p.
1012 1353 1082 1429 195,
1098 1356 1159 1430 25,
1182 1355 1253 1428 200,
1275 1357 1293 1416 7
1315 1356 1369 1418 huc
1389 1365 1476 1438 otque

323 1457 394 1519 illue
417 1457 512 1518 clunes
535 1464 652 1537 torquet.
690 1473 726 1518 ex
749 1454 887 1517 Petronio
918 1455 1029 1534 optime
1058 1455 1090 1518 in
1112 1473 1145 1516 00
1168 1473 1200 1516 10
1223 1463 1284 1517 1010
1307 1455 1476 1518 disserendi

325 1555 377 1626 via
395 1554 574 1636 perspicitur
608 1555 684 1626 eius,
720 1554 770 1633 qui
803 1554 867 1632 ipse
900 1552 1034 1616 liberales
1068 1554 1173 1617 doctus
1200 1560 1277 1616 artes
1312 1562 1342 1614 et
1378 1554 1474 1616 literis

324 1653 480 1716 institutus
514 1653 593 1732 vulgi
622 1651 765 1714 familiare
792 1651 973 1732 colloquium
1004 1652 1113 1714 imitari
1147 1653 1263 1716 studeat
1294 1653 1473 1716 elocutionis

324 1753 437 1815 levibus
464 1752 521 1813 illis
552 1750 725 1813 dillerentiis
760 1767 862 1830 parum
896 1748 1074 1813 observatis:
1103 1770 1173 1814 nam
1201 1771 1230 1832 p.
1260 1749 1372 1825 67,13
1401 1752 1472 1814 01111.

325 1851 397 1913 min.
421 1837 529 1912 Bueeh.
553 1850 608 1912 huc
631 1859 712 1930 atque
733 1848 802 1911 illuc
823 1858 960 1920 vectatur,
982 1866 1010 1929 p.
1035 1849 1084 1924 78,
1101 1849 1120 1910 9
1137 1851 1316 1912 convertebat
1329 1849 1382 1913 huc
1401 1850 1474 1912 illuc

326 1951 480 2013 canonum
509 1947 632 2025 nonnul)
661 1948 789 2029 scripsit.
834 1945 990 2028 Apuleium
1025 1968 1095 2011 vero
1128 1950 1158 2011 id
1188 1967 1306 2028 quoque
1334 1949 1471 2011 consulto

323 2048 429 2112 iecisse
451 2048 557 2110 clarius
579 2049 720 2129 adparere
743 2047 815 2109 mihi
844 2067 877 2110 ea
905 2067 938 2110 re
970 2049 1100 2122 videtur,
1134 2049 1213 2128 quod
1247 2047 1303 2110 alia
1335 2047 1471 2110 adverbia

325 2148 388 2210 sine
411 2148 514 2228 copula
538 2146 738 2227 conglutinata
760 2147 792 2207 in
814 2145 955 2209 omnihus
970 2147 1086 2227 scriptis
1101 2147 1301 2226 reperiuntur,
1324 2145 1471 2226 siquidem

326 2247 428 2309 eadem
445 2245 615 2307 aCicerone
637 2251 667 2307 et
684 2244 745 2307 aliis
762 2244 930 2306 oratoribus
954 2263 1015 2306 nou
1035 2244 1187 2325 repudiata
1203 2252 1288 2306 sunt:
1308 2245 1385 2307 ultro
1400 2248 1470 2306 citro

324 2345 405 2406 enim
428 2351 458 2405 et
481 2351 548 2404 met.
572 2344 594 2415 l,
617 2345 647 2417 5,
662 2342 720 2417 233
749 2343 820 2414 Vlll,
844 2342 895 2418 22,
914 2343 952 2405 16
981 2352 1010 2406 01
1032 2344 1068 2406 (10
1091 2343 1146 2406 deo
1169 2343 1250 2405 Soer.
1274 2341 1338 2416 6,3
1367 2349 1467 2405 exstat.

327 2443 418 2506 semel
451 2443 483 2504 in
517 2449 639 2503 metam.
669 2475 710 2486 -
743 2440 771 2501 id
806 2441 855 2503 hie
887 2442 1017 2504 breviter
1050 2442 1210 2506 adiciamus
1243 2476 1286 2488 -
1317 2441 1470 2506 undeunde

212 2528 216 2536 ⁴
326 2542 437 2604 omisso
466 2541 555 2603 verbo
586 2548 762 2620 usurpatum
795 2547 841 2602 est
873 2543 911 2615 V,
947 2542 1032 2615 30‚1
1065 2541 1204 2605 selectum
1237 2540 1405 2612 undeunde,
1439 2548 1473 2602 ut

325 2640 463 2702 similiter
488 2659 505 2702 a
532 2638 668 2702 Marcello
696 2639 844 2720 Empirico
870 2644 961 2721 praef.
990 2641 1221 2704 adnotationibus
1245 2642 1360 2722 [artum
1381 2641 1472 2703 nude·

323 2739 402 2801 unde
424 2737 552 2802 collectis.
1229 2803 1230 2808 .

409 2837 598 2917 praecedenti
630 2837 829 2899 enuntiationi
862 2841 975 2900 utinam
1006 2838 1038 2899 in
1066 2845 1184 2900 metam.
1213 2855 1280 2901 cum
1310 2848 1393 2920 etque
1420 2839 1474 2900 ad·

325 2954 438 2999 nexum
462 2944 507 2998 est
529 2936 563 3009 ll,
588 2936 674 3011 31,2
697 2936 1235 3016 010000110001001010001000110;111,
1259 2935 1310 3008 25,
1327 2935 1367 2996 22
1390 2945 1473 3018 etque

252 3087 253 3092 ,
324 3040 437 3098 utinam
460 3052 627 3114 parastum
655 3035 715 3106 Vll,
744 3035 795 3108 25,
818 3035 837 3094 4
865 3046 948 3122 atque
974 3039 1086 3098 utinam
1108 3038 1208 3098 nn‘nus
1224 3079 1253 3097 ..
1273 3039 1367 3115 quiret
1393 3035 1473 3097 dore.

326 3132 475 3213 ceteroqui
497 3150 577 3204 vero,
601 3133 626 3192 si
648 3131 740 3193 artius
763 3133 914 3195 enuntiata
937 3142 1145 3207 conectuntur,
1168 3134 1309 3214 particula
1332 3141 1383 3195 aut
1405 3152 1473 3196 cum

325 3232 401 3313 quod
423 3229 614 3310 coniungitur
635 3237 686 3291 aut
707 3231 823 3293 relativi
845 3232 1032 3312 pronominis
1055 3231 1140 3294 alicui
1163 3232 1243 3295 casui
1272 3232 1472 3313 postponitur:

325 3332 389 3392 1101.
412 3349 442 3410 p.
459 3327 522 3402 8‚5
546 3327 622 3410 qnod
634 3331 749 3391 utr'nom
767 3333 839 3410 pori
859 3329 987 3410 emernplo
1002 3329 1192 3410 philosophice
1207 3332 1330 3394 edictum
1352 3330 1473 3404 coleron

324 3447 353 3508 p.
377 3428 427 3501 29,
445 3427 463 3487 2
487 3428 562 3508 quod
582 3431 694 3490 utinam
714 3429 785 3490 nini
802 3445 856 3508 pro
880 3429 1065 3509 amplitudine
1087 3429 1225 3492 auditorii·
1240 3429 1359 3509 0101ίο0
1381 3433 1472 3491 010110

325 3536 492 3607 suppeteret,
517 3525 566 3588 ubi
590 3528 734 3607 vulgatam
757 3527 914 3590 lectionem
936 3527 1043 3590 iniuria
1067 3545 1083 3588 0
1106 3527 1256 3606 llruegero
1279 3528 1472 3609 improbatam

326 3643 391 3686 esse
414 3643 537 3697 001100ος
560 3626 636 3704 apol.
661 3626 690 3697 4,
706 3625 748 3686 24
776 3628 852 3707 quod
872 3629 985 3688 utinam
1013 3637 1071 3688 torn
1090 3629 1194 3706 provio
1210 3672 1236 3689 ..
1261 3630 1383 3690 01101100
1410 3643 1474 3688 nere

324 3724 397 3785 anthr·
417 3724 627 3804 opprohrusset;
658 3723 708 3796 22,
725 3725 758 3797 5;
782 3725 832 3796 96,
849 3725 907 3801 25;
935 3726 970 3788 de
999 3725 1054 3788 deo
1077 3726 1157 3788 Soer.
1182 3727 1255 3806 prol.
1278 3745 1305 3806 p.
1332 3727 1359 3798 3,
1383 3726 1422 3786 25
1439 3725 1472 3788 G.

326 3822 400 3904 quod
426 3825 539 3884 utinam
559 3867 590 3882 ..
614 3822 679 3884 huic
706 3841 813 3904 quoque
842 3842 937 3886 vocern
964 3824 1114 3888 trthur'eset.
1142 3859 1185 3868 —
1212 3825 1276 3886 llor.
1307 3843 1336 3905 p.
1367 3821 1416 3896 12,
1437 3824 1472 3897 6;

328 3919 377 3991 13,
395 3918 423 3982 9.
448 3921 523 4001 apol.
548 3918 671 3996 72,10;
701 3920 819 3999 97,18.
848 3931 980 3984 ceterum
1004 3923 1050 3984 his
1073 3923 1147 3985 locis
1177 3922 1333 4003 praeterita
1356 3939 1472 4003 semper

327 4029 458 4100 tempora
482 4027 632 4082 secuntur.
666 4020 767 4082 Cicero
790 4039 860 4083 vero
883 4021 1025 4100 quoniam
1048 4030 1078 4083 et
1100 4031 1183 4102 atque
1210 4025 1322 4084 utinam
1350 4027 1380 4084 et
1402 4021 1473 4104 quod

326 4121 438 4180 nn'norn
467 4117 623 4180 scribendo
653 4117 772 4179 variavit
806 4136 905 4199 neque
938 4119 974 4180 ab
1007 4119 1064 4181 alio
1097 4120 1128 4181 in
1158 4119 1203 4181 his
1232 4127 1328 4182 certas
1357 4119 1472 4200 regulas

326 4223 424 4278 tentas
448 4233 512 4277 esse
536 4215 657 4294 scimus,
680 4214 820 4295 Apuleius
842 4217 957 4298 primus
979 4219 1105 4280 tortasse
1134 4236 1198 4280 eam
1230 4219 1473 4282 coniunctionum

327 4313 527 4375 differentiam
550 4313 641 4376 nimia
664 4322 727 4375 arte
750 4313 872 4376 ellinxit.

397 4445 419 4507 ¹)
437 4443 467 4496 01.
487 4445 548 4497 Tac.
567 4459 624 4496 ann.
643 4442 661 4510 l,
680 4444 712 4497 56
730 4446 779 4497 hece
797 4445 856 4498 illuc
867 4449 961 4515 serens
978 4434 1062 4499 arene.
