3324 5238
646 435 868 499 ..15-

187 615 437 696 posmeridianas
464 613 618 696 quadriqas
645 633 731 696 11111
761 613 1020 694 postmeridianas
1050 611 1182 676 lihmtr'us
1208 611 1331 672 dc'ecerim

190 724 219 775 et
248 713 453 776 mehercule
490 733 576 796 11111
608 715 843 777 mehercules.
905 713 981 792 apud
1015 711 1188 774 Petronium
1222 719 1330 783 autem,

191 811 274 875 ouius
296 811 416 875 satiram
439 821 473 878 ut
495 833 670 876 communes
692 814 799 876 civium
822 830 921 874 mores
937 818 1085 892 praestare
1106 810 1147 872 ite
1167 809 1204 870 ad
1227 825 1330 870 eorum

190 930 361 974 sermonem
387 912 569 975 cotidianum
592 913 741 993 adspirare
762 919 866 973 notum
891 920 945 985 est,
974 910 1066 972 semel
1088 909 1210 979 hercule,
1238 906 1331 968 semel

190 1010 326 1089 hercules,
358 1013 509 1094 ceteroqui
535 1011 709 1074 mehercules
734 1013 862 1074 formam
885 1009 1009 1072 evolutis
1032 1007 1163 1088 reliquiis
1189 1006 1328 1070 invenies.

191 1109 303 1174 Fronto
326 1110 455 1192 denique
477 1129 581 1174 omnes
603 1111 762 1192 particulae
784 1115 894 1172 formas
917 1109 1050 1170 adhibuit
1064 1107 1243 1188 promiscue,
1266 1125 1330 1194 sae7

190 1207 311 1289 pissime
334 1227 402 1271 vero
424 1210 546 1272 hercule
570 1247 612 1256 -
636 1211 688 1272 sed
704 1217 889 1272 reuertemur
903 1209 939 1270 ad
955 1215 1106 1270 nostrum:
1130 1206 1161 1268 in
1177 1205 1331 1268 rhetoricis

189 1307 271 1370 libris
293 1327 340 1370 res
358 1310 399 1371 ita
419 1309 622 1381 adfirmentur,
646 1315 678 1370 ut
701 1309 773 1370 alius
796 1309 869 1371 deus
892 1309 976 1388 quasi
998 1308 1083 1370 testis
1098 1316 1218 1369 uocetur
1239 1308 1330 1386 adpo-

191 1406 245 1469 sita
266 1405 394 1470 iornrule
409 1409 518 1470 medius
532 1408 628 1488 fidius,
651 1425 726 1488 quae
742 1408 801 1470 iam
817 1407 921 1470 Catoni
942 1407 1048 1470 usitate
1064 1414 1138 1480 erat,
1160 1425 1176 1467 1
1192 1405 1331 1468 Cicerone

192 1513 289 1568 autem
303 1507 541 1588 frequentissime
555 1517 695 1588 usurpata
708 1515 754 1569 est
765 1527 799 1569 ac
810 1526 848 1569 ne
860 1528 875 1570 1
886 1506 1099 1568 recentioribus
1112 1504 1231 1585 quidem
1244 1505 1331 1583 plane

190 1605 283 1666 aliena
295 1607 380 1681 est1).
402 1607 465 1668 lior.
477 1626 505 1687 p.
522 1607 570 1681 13,
583 1603 602 1668 8
619 1610 710 1669 1111111
721 1611 838 1670 uirtutes
852 1611 894 1668 ita
906 1607 1017 1688 eshuqit
1032 1651 1060 1666 ..
1077 1617 1110 1668 ut
1122 1605 1232 1666 medius
1246 1603 1332 1684 fidius

191 1704 393 1766 admirabilior
414 1719 484 1770 esset
504 1709 537 1769 11
557 1712 658 1770 iuoaue
673 1725 759 1787 quam
781 1711 813 1768 irs
835 1718 860 1770 te
878 1715 968 1786 parta
989 1706 1067 1778 laus;
1091 1704 1165 1785 apol.
1192 1703 1254 1777 t‚o
1278 1721 1331 1784 quo

190 1819 239 1882 epo
253 1821 311 1864 uuo
323 1810 476 1885 praecipue
491 1808 612 1887 confisus
625 1808 757 1887 qratulor
771 1806 882 1868 medrus
895 1805 995 1886 fidium
1012 1804 1062 1875 67,
1077 1805 1131 1876 16;
1148 1803 1198 1875 90,
1211 1803 1262 1864 20.
1299 1803 1331 1864 in

192 1909 261 1961 met.
284 1903 392 1964 medius
414 1903 499 1982 fidius
520 1922 667 1983 nusquam
683 1906 797 1982 legitur,
820 1905 872 1965 sed
888 1905 991 1966 eadem
1007 1903 1155 1966 sententia
1175 1901 1330 1983 aliquoties

189 1999 241 2076 pol
261 1998 393 2077 positum
416 2008 463 2060 est
485 2000 518 2080 (l,
542 1999 572 2072 8,
590 2001 644 2074 173
666 2001 717 2073 24,
734 2003 776 2075 4),
800 2021 887 2081 quam
910 2021 1013 2063 rocem
1036 2002 1091 2062 soli
1110 2001 1214 2062 comici
1229 2007 1331 2081 poetae

192 2105 421 2175 usurpaverunt.
455 2099 598 2161 addamus
621 2099 748 2180 denique
769 2100 1007 2161 interiectionem
1027 2101 1094 2160 lesus
1109 2118 1235 2180 quoque,
1256 2119 1331 2180 quae

190 2213 226 2257 ex
248 2197 358 2276 rudgari
381 2208 520 2260 sermone
542 2200 718 2278 deprompta
741 2206 794 2270 est,
816 2205 933 2260 tantum
955 2199 987 2259 in
1011 2206 1129 2260 metam.
1145 2199 1233 2278 legi²)
1256 2199 1278 2270 l,
1301 2198 1329 2269 3,

190 2295 248 2371 21;
279 2295 327 2366 13.
345 2297 378 2374 63
411 2299 460 2371 15,
476 2297 533 2374 29;
562 2297 612 2373 22,
630 2297 659 2360 8.
702 2299 740 2370 ΙΙ,
771 2298 873 2374 10,2;
903 2297 950 2373 18,
968 2296 1000 2371 8;
1029 2297 1150 2375 23,14;
1177 2298 1331 2377 111,5,1;

189 2393 247 2467 Vll,
271 2394 322 2470 22,
339 2395 373 2474 63
401 2398 471 2473 Vlll,
498 2395 620 2474 10,10;
651 2396 700 2468 26,
717 2397 752 2474 6;
780 2398 828 2472 ΙΧ,
853 2396 904 2472 33,
920 2397 953 2473 6;
985 2397 1020 2469 Χ,
1045 2396 1092 2471 16,
1109 2396 1143 2474 9;
1166 2406 1253 2478 atque
1275 2399 1331 2460 heu

188 2493 222 2566 V,
247 2492 342 2570 12,9;
364 2496 400 2575 X,
424 2497 501 2574 2,2;
528 2495 642 2570 2218.
686 2497 796 2559 Fronto
825 2496 916 2560 semel
945 2497 984 2558 111
1011 2496 1127 2560 locutus
1154 2503 1199 2560 est
1226 2517 1255 2578 p.
1279 2498 1328 2571 75,

192 2590 210 2652 3
233 2593 270 2654 N.
292 2596 340 2657 sed
361 2596 430 2657 heus
450 2607 482 2658 tu
503 2597 617 2658 m'dehis.

274 2694 325 2755 sed
348 2695 406 2758 iam
429 2697 500 2758 satis
521 2697 594 2758 haec
616 2695 653 2757 de
675 2695 834 2776 particulis,
858 2713 931 2777 quae
953 2712 1016 2758 non
1038 2696 1123 2776 plone
1137 2697 1243 2760 vitatae
1258 2702 1329 2758 sunt

190 2792 220 2852 in
242 2792 279 2855 iis
301 2789 393 2867 libris,
416 2813 577 2876 equorum
600 2796 722 2876 proprio
744 2813 818 2878 sono
841 2813 963 2875 prorsus
990 2795 1165 2858 abhorrent:
1194 2795 1328 2857 venimus

189 2907 271 2954 nunc
293 2893 403 2967 adeas,
430 2913 556 2974 quarum
579 2914 653 2957 usus
675 2895 708 2956 in
730 2891 852 2974 singulis
868 2893 984 2974 scriptis
1006 2895 1088 2956 relut
1102 2895 1172 2956 artis
1187 2893 1328 2956 limitibus

190 2990 350 3054 cohibetur.
384 3011 418 3054 ac
439 2995 570 3073 primum
584 2994 710 3074 adaeque
724 3001 839 3056 tanturn
860 2993 891 3055 in
908 3002 1025 3055 nietam.
1049 2993 1105 3074 legi
1124 2994 1327 3069 admonemus,

188 3096 220 3149 et
242 3090 271 3150 id
293 3090 366 3150 item
389 3109 477 3170 saepe
499 3102 705 3172 atqueaeque,
733 3112 807 3173 quae
830 3093 950 3174 quidem
972 3094 1113 3174 particula
1135 3093 1166 3155 in
1190 3094 1328 3158 omnibus

191 3185 308 3265 scriptis
324 3189 408 3250 solita
424 3197 477 3251 est.
501 3190 547 3266 lv,
571 3190 599 3263 8,
613 3190 652 3251 27
668 3191 953 3256 hemerammum
964 3193 1023 3264 ulii,
1047 3211 1115 3274 quos
1129 3198 1328 3256 iucuuctumter

189 3285 315 3365 adaeque
337 3286 463 3351 latroms
483 3289 672 3365 arhitrorerm
699 3292 770 3366 Vlll,
796 3291 845 3365 31,
864 3291 902 3355 18
926 3297 1005 3354 cauis
1032 3293 1156 3372 adaeque
1181 3298 1328 3355 ueueticus

189 3381 310 3446 latmter
334 3390 492 3462 iuoccerau
521 3386 736 3472 Χ,2,19111’
762 3391 886 3472 adaeque
912 3396 971 3453 iem
997 3392 1192 3454 duodecimum
1218 3411 1328 3455 aucum

190 3498 403 3562 supercesserat.
446 3487 620 3551 vocabulum
643 3489 802 3571 udaeque³)
824 3491 946 3552 Plautus
969 3510 1004 3552 11
1027 3489 1138 3570 vulgari
1152 3492 1253 3573 lingua
1275 3495 1327 3556 de-

187 3583 326 3662 sumpsit,
349 3601 445 3665 neque
468 3587 625 3669 quisquam
648 3597 715 3651 ante
737 3589 893 3669 Apuleium
915 3590 998 3651 illum
1015 3609 1103 3652 usum
1123 3590 1256 3654 imitatus
1271 3603 1326 3656 est.

185 3689 273 3762 etque
294 3677 325 3744 in
347 3681 507 3748 comoediis
530 3689 592 3750 1111
613 3705 733 3768 semper
754 3707 822 3750 curn
839 3689 1003 3768 negationis
1020 3690 1116 3751 verbis
1132 3693 1326 3768 construitur,
1361 3737 1365 3742 ·

186 3781 238 3842 sed
260 3799 412 3863 nunquam
436 3785 486 3859 ita,
510 3794 543 3847 ut
565 3787 703 3860 vidimus,
726 3789 803 3867 apud
826 3787 993 3868 Apuleium,
1016 3807 1169 3868 nunquam
1192 3791 1227 3852 iis
1243 3792 1326 3864 locis,

186 3881 237 3962 qui
259 3881 333 3942 mihi
354 3892 503 3963 praeterea
520 3887 582 3947 noti
600 3894 678 3959 sunt,
700 3888 778 3967 apud
794 3887 897 3948 Frons.
921 3907 950 3968 p.
966 3888 1038 3962 210,
1062 3888 1130 3950 3N.
1152 3896 1230 3970 pau's
1252 3895 1326 3954 arti-

185 3981 237 4042 hus
257 3984 309 4042 11111
330 3987 478 4065 quisquam
507 3983 630 4046 Traiano
658 3985 697 4047 ad
719 3985 868 4066 populum,
897 3989 999 4068 siqui
1025 3987 1159 4068 adaeque,
1188 3996 1327 4071 acceptior

185 4083 292 4143 eustttit
315 4089 345 4143 et
366 4082 436 4145 Mar.
460 4085 533 4147 Vict.
557 4085 592 4160 ll,
615 4083 635 4143 2
659 4084 729 4162 (GL.
752 4085 789 4149 Vl
811 4105 840 4167 p.
857 4087 907 4158 71,
925 4085 977 4163 30)
1001 4087 1127 4168 adaeque
1149 4089 1325 4154 observatur.

187 4236 398 4250 -υ-ι-ιι-αι-ιοη-

251 4326 270 4383 ι1
290 4327 379 4380 Front.
396 4343 420 4396 p.
440 4328 481 4393 ld,
494 4329 542 4391 to,
563 4328 647 4395 179,3
666 4331 776 4398 exempli
796 4331 940 4384 Naheriani.

250 4409 273 4472 Ι)
291 4408 323 4460 cl.
342 4406 441 4461 Kouiol.
461 4409 492 4462 do
510 4411 603 4479 Apulei
621 4427 713 4477 genere
731 4413 831 4467 dicendi
848 4431 872 4484 p.
890 4411 948 4467 318.

250 4491 273 4555 8)
291 4488 322 4542 cr.
342 4491 421 4543 usna.
439 4493 456 4543 1.
476 4493 485 4542 1
504 4491 522 4546 .1
541 4493 597 4546 ros.
