3324 5238
622 389 843 453 ..73-

160 568 281 630 Petroni
304 567 386 629 Persi
410 567 513 646 Apulei
535 567 656 629 nomina
679 575 796 648 crepet,
833 567 882 631 ubi
912 569 983 631 nihil
1006 587 1040 630 ex
1063 586 1167 631 eorum
1191 569 1308 649 scriptis

159 667 282 747 profert,
305 666 358 728 sed
373 685 406 727 se
427 666 526 745 ipsum
550 665 671 745 dignum
688 667 784 740 hahet,
807 667 892 729 cuius
908 667 1043 730 abstrusa
1059 667 1197 730 voeabula
1212 667 1308 728 inter-

159 774 295 846 pretetur
327 765 432 846 Apulei
466 772 498 826 ut
531 766 662 827 auctoris
696 765 818 827 nomine
850 767 986 828 simulato
997 766 1031 841 ¹).
1081 775 1169 846 atque
1202 767 1307 828 eodem

160 865 261 937 modo,
283 864 312 925 id
335 863 414 943 quod
436 864 485 924 hio
516 862 604 926 nohis
632 863 770 944 inprimis
798 872 970 945 promptum
1001 871 1061 936 est,
1099 863 1308 944 grammaticus

158 963 208 1024 ille
231 962 387 1042 Apuleius,
418 962 503 1025 cuius
536 963 571 1024 de
604 962 812 1042 orthographia
845 963 953 1025 lihrum
984 963 1079 1024 Maius
1112 971 1143 1024 et
1170 963 1307 1025 Oseunus

160 1060 329 1133 ediderunt,
352 1060 499 1140 egregiam
516 1061 680 1123 doctrinam
704 1069 733 1122 et
748 1061 947 1124 eruditionem
971 1061 1121 1124 simularit
1147 1061 1307 1122 maximum

160 1178 320 1224 numerum
342 1169 500 1240 poetarum
523 1158 697 1221 Latinorum
721 1160 799 1222 velut
820 1160 941 1222 testium
969 1160 1144 1240 requirens,
1179 1178 1307 1240 quorum

160 1261 318 1340 plerosque
343 1277 377 1320 er
401 1259 486 1321 Ovidi
514 1259 639 1340 epistola
669 1278 703 1320 ex
726 1258 821 1320 Ponto
843 1259 860 1319 l.
884 1258 929 1333 lV‚
954 1259 1084 1320 iheum
1108 1258 1308 1339 desumpsisse

159 1357 321 1437 Madvigius
350 1376 452 1439 opusc.
487 1359 567 1421 acad.
591 1359 602 1419 l
625 1377 653 1437 p.
680 1357 719 1419 16
741 1377 785 1438 sq.
823 1357 916 1418 firmis
950 1359 1132 1436 argumentis
1166 1359 1306 1437 coarguit.

160 1457 327 1519 verecunde
349 1457 439 1536 igitur
462 1464 566 1518 noster
588 1456 743 1519 etiamtum
765 1456 823 1517 tiro
839 1455 1077 1536 Theophrastum
1094 1474 1187 1519 unum
1204 1463 1308 1518 aucto-

160 1573 224 1617 rem
260 1556 335 1618 falso
368 1556 464 1618 fiuxit.
510 1573 542 1618 ea
566 1575 645 1630 vero,
677 1573 753 1635 qnae
787 1563 945 1628 secuntur,
984 1565 1123 1636 puuctum
1155 1574 1309 1636 potuemus

162 1659 326 1736 capitatione
349 1658 518 1736 contingere,
543 1655 667 1717 dicemus
694 1656 782 1734 longe
816 1653 1058 1717 manifestissime
1090 1662 1243 1735 praestant
1276 1674 1309 1716 ao

160 1762 288 1836 poscunt
310 1753 418 1816 librum
438 1753 541 1834 Apulei
565 1754 718 1835 proprium
742 1771 816 1834 opus
838 1753 950 1828 heberi,
975 1761 1009 1815 nt
1023 1771 1132 1816 novum
1145 1753 1307 1828 inventum,

161 1864 195 1916 ut
217 1871 328 1914 norum
355 1852 548 1933 popularibus
573 1852 703 1914 oblatum
728 1871 800 1914 esse.
848 1871 917 1914 narn
938 1853 1053 1914 etiamsi
1075 1851 1147 1915 illud
1169 1864 1309 1933 wantum

156 1969 307 2032 possumus
337 1954 502 2032 copttuto'oue
535 1956 694 2032 contingere
727 1969 786 2013 non
816 1958 913 2012 totum
948 1949 985 2011 ab
1020 1957 1140 2014 auctore
1174 1951 1306 2014 additum

161 2059 215 2122 est,
243 2051 296 2112 sed
319 2051 354 2112 ad
378 2050 486 2112 Graeca
510 2050 598 2112 verba
619 2047 700 2112 καθ’
723 2043 803 2112 ὅσον
825 2045 962 2132 ἐφικτόν
984 2056 1114 2129 spectat,
1148 2058 1250 2111 tamen
1273 2069 1308 2110 eo

161 2151 249 2212 modo
272 2150 420 2212 sententia
444 2157 555 2211 mutate
578 2158 633 2224 est,
656 2157 810 2229 tantopere
844 2148 880 2210 ad
914 2149 1009 2229 ipsam
1041 2149 1214 2230 interpretis
1235 2167 1307 2230 per-

162 2267 266 2310 sonam
288 2249 375 2311 rerba
398 2249 537 2310 translata
560 2256 640 2323 sunt,
664 2256 698 2309 ut
719 2265 809 2310 nemo
831 2248 871 2310 ita
888 2247 997 2310 Graeca
1013 2247 1117 2310 latine
1139 2247 1203 2310 sine
1226 2256 1307 2310 certo

162 2347 286 2410 oonsilio
307 2347 423 2410 reddita
447 2365 510 2410 esse
532 2348 741 2411 adfirmaturus
764 2348 811 2409 sit.
856 2366 954 2429 neque
976 2366 1046 2410 vero
1070 2347 1107 2410 de
1130 2366 1165 2408 eo
1188 2349 1252 2410 loeo
1275 2347 1308 2409 in

162 2447 310 2510 codicibus
332 2447 388 2509 ulla
412 2447 556 2509 dissensio
587 2455 645 2522 est,
679 2447 783 2509 sedin
818 2445 958 2508 omnihus
993 2447 1105 2520 eadem,
1142 2463 1217 2526 quae
1250 2465 1307 2508 nos

162 2546 372 2626 excerpsimus,
396 2546 502 2608 tradita
524 2553 603 2609 sunt.
649 2546 673 2608 si
693 2563 762 2606 vero
785 2545 841 2608 illis
865 2546 970 2619 verbis,
999 2552 1032 2607 ut
1054 2545 1213 2607 Hoelsoher
1236 2563 1307 2607 cen-

162 2645 231 2716 suit,
253 2652 450 2707 excusaturus
475 2653 562 2718 esset,
589 2645 667 2725 quod
689 2644 823 2725 asperius
857 2644 980 2716 diceret,
1017 2645 1081 2706 aliis
1112 2645 1198 2726 plane
1232 2662 1307 2724 opus

161 2743 281 2820 luisset3
303 2744 570 2824 nequequisqnam
595 2752 649 2816 est,
672 2744 723 2823 qui
735 2743 960 2814 dissertationis,
984 2761 1059 2824 quae
1074 2743 1218 2822 sequitur,
1241 2761 1306 2804 ser-

162 2859 283 2906 monem
317 2850 351 2903 ut
383 2843 510 2912 siccum,
546 2850 578 2904 ut
611 2840 771 2902 inhabilem
805 2840 962 2921 vituperet.
1015 2845 1179 2921 cogitatione
1207 2848 1305 2903 autem

162 2943 321 3022 omotr'npere
348 2941 385 3002 de
412 2959 444 3003 ea
469 2948 586 3002 tantum
615 2958 648 3001 re
675 2939 729 3001 dici
766 2945 878 3020 potest,
913 2959 988 3020 quae
1021 2939 1058 3002 ah
1091 2941 1155 3020 ipso
1186 2947 1308 3002 auctore

162 3048 302 3122 concepta
325 3049 413 3120 atque
432 3039 563 3101 inventa·
581 3046 637 3100 est.
682 3038 781 3100 omnia
812 3057 892 3112 vero,
921 3057 997 3120 quae
1019 3039 1207 3113 insecuntur,
1236 3057 1305 3102 cum

161 3139 275 3220 singula
298 3139 333 3202 ad
356 3138 613 3201 Pseudaristotelis
636 3137 744 3200 librum
766 3146 900 3201 revocata
925 3158 991 3202 esse
1012 3139 1214 3219 reperiantur,
1248 3140 1307 3201 im·
1358 3209 1359 3213 Ἰ

161 3237 301 3321 pudentis
321 3257 355 3300 ac
376 3236 526 3300 mendacis
548 3237 679 3300 hominis
701 3238 789 3298 verba
804 3237 896 3300 luisse
912 3238 1042 3318 adparet,
1065 3239 1117 3320 qui
1132 3239 1178 3300 sui
1193 3239 1306 3317 ingenii

163 3356 236 3418 opus
252 3337 490 3417 conscripturum
506 3356 539 3398 se
555 3355 622 3399 esse
636 3335 866 3417 promisissetll.
901 3355 935 3399 ao
950 3335 1163 3414 Goldhaoher³l
1187 3337 1307 3416 quidem

162 3437 240 3498 idern
262 3437 299 3498 de
321 3435 443 3497 oonsilio
466 3455 499 3497 ao
521 3436 671 3498 voluntate
695 3436 825 3496 auctoris
847 3435 966 3507 iudicat,
990 3435 1042 3496 sed
1059 3435 1307 3499 existimationem

164 3532 225 3596 eius
247 3535 291 3596 vel
312 3533 512 3612 integritatem
536 3553 571 3595 eo
594 3533 693 3598 animo
726 3551 787 3596 non
819 3541 935 3595 tantum
968 3534 1113 3615 pollutum
1147 3541 1214 3608 es'se
1236 3555 1308 3617 pro-

162 3633 275 3706 fitetur,
310 3633 389 3713 qued
423 3631 538 3712 antiqui
572 3633 709 3695 homines
744 3633 780 3695 de
813 3633 956 3694 eiusmodi
992 3633 1118 3714 peccatis
1152 3651 1214 3696 non
1247 3642 1308 3696 tam

161 3732 281 3796 horride
302 3741 364 3794 tam
388 3749 503 3792 morose
525 3733 675 3794 senserint
702 3749 789 3813 quarn
824 3738 926 3793 nostra
960 3740 1047 3794 aetas.
1092 3749 1162 3793 nem
1191 3741 1309 3814 praeter

162 3832 232 3896 elios
254 3831 383 3894 eundem
407 3847 526 3910 quoque
548 3831 704 3910 Apuleium
733 3832 766 3894 in
788 3831 922 3910 Asclepio
956 3838 986 3893 et
1019 3833 1309 3912 metamorphosihus

160 3931 287 4004 fontem,
310 3948 345 3991 err
369 3947 429 4010 quo
460 3947 536 4010 opus
565 3937 727 4002 manasset,
757 3929 906 3993 delevisse.
951 3938 981 3991 et
1003 3929 1171 4010 Asclepium
1199 3930 1308 3993 iniuria

161 4030 239 4091 inter
259 4029 364 4108 Apulei
385 4028 475 4090 libros
497 4029 605 4090 referri
627 4029 683 4091 sibi
717 4047 896 4111 persuasum
930 4047 997 4091 esse
1029 4029 1092 4109 ipse
1125 4028 1169 4090 vir
1203 4030 1308 4092 doctus

161 4135 265 4209 postea
280 4127 483 4208 pronuntiavit
505 4127 537 4188 in
560 4128 743 4208 praelatione
766 4129 905 4191 editionis
928 4146 998 4191 suae
1019 4147 1048 4208 p.
1071 4127 1137 4202 XV;
1159 4128 1191 4189 in
1214 4136 1308 4190 meta-

230 4277 252 4342 ¹)
271 4275 336 4328 conf.
356 4277 494 4330 Lersehins
506 4277 662 4344 Fulgentius
674 4279 704 4330 de
715 4281 843 4333 obstrusis
860 4281 1020 4332 sermonibus
1038 4295 1062 4346 p.
1074 4279 1114 4331 60.
1153 4279 1185 4331 Μ.
1198 4279 1308 4330 Zielius

163 4359 192 4409 de
211 4358 346 4423 Fulgentio
365 4357 513 4426 mythologo
531 4377 554 4427 p.
567 4362 609 4412 28.

230 4442 253 4504 ²)
271 4437 336 4490 enni.
356 4440 472 4491 Stahrius
490 4443 508 4492 l.
527 4443 544 4493 l.
563 4459 586 4509 p.
602 4443 657 4494 170.
759 4444 779 4506 ³)
798 4443 816 4494 1.
835 4444 853 4494 l.
874 4459 896 4510 p.
911 4443 969 4494 686.
