3324 5238
809 452 1029 512 ..ssss-

344 645 455 690 uomen
477 627 616 688 omuibus
639 625 778 702 notum¹)
800 641 894 700 esset,
918 629 996 688 illins
1022 627 1199 705 significatio
1225 627 1368 688 inaudita.
1413 629 1493 706 quod

343 737 448 789 contra
471 727 583 789 facilius
606 745 675 787 cum
699 728 832 806 potuisse
863 736 979 786 tautum
1015 746 1147 788 emerem
1177 727 1279 787 subire
1309 727 1496 807 explanatur,

343 827 368 888 si
402 827 642 888 Aristoteliomm
672 826 808 888 codicum
832 827 980 903 vulgarem
1004 827 1165 888 lectionem
1196 824 1274 906 λοξὴ
1316 821 1403 907 πρὸς
1439 825 1495 908 την

342 925 538 1007 οἰκουμένην
559 926 682 987 invenit,
706 926 756 987 ubi
778 927 919 986 delicians
951 928 1007 984 καί
1040 925 1166 985 omnino
1199 943 1261 986 uon
1292 925 1493 986 desideratum

341 1035 398 1097 est,
421 1024 518 1086 verbis
540 1033 638 1086 aulem
658 1022 743 1104 πρὸς
765 1023 822 1105 την
845 1024 1040 1104 οἰκουμένην
1061 1025 1140 1085 velut
1155 1025 1238 1102 pn'us
1260 1026 1367 1104 πέραν
1383 1019 1495 1086 Ἰνδῶν

341 1123 417 1184 situs
441 1123 554 1184 insulae
577 1123 742 1184 accuratius
770 1123 887 1184 deliniri
921 1125 1000 1183 visus
1034 1131 1088 1182 est
1126 1123 1254 1202 deniqne
1287 1131 1322 1183 ut
1354 1123 1385 1182 iu
1417 1123 1496 1184 hauc

341 1231 456 1301 partem
479 1222 715 1283 Goldlsacherum
739 1241 800 1283 nou
830 1222 1014 1282 excusavisse
1036 1221 1193 1300 Apuleium
1228 1221 1279 1300 qui
1306 1221 1414 1282 dicitur
1441 1221 1494 1281 sed

341 1321 510 1400 graviorum
533 1321 612 1381 iusto
635 1320 812 1399 ineptiarum
835 1321 1021 1381 damnavisse
1048 1321 1134 1380 nobis
1165 1339 1339 1399 peisuasum
1370 1327 1430 1392 est,
1452 1319 1494 1380 ita

341 1440 410 1484 cum
432 1421 481 1482 illo
504 1423 568 1482 loco
591 1422 664 1482 nihil
688 1423 725 1482 de
746 1419 857 1481 codicis
880 1429 995 1490 natura,
1023 1437 1111 1498 quem
1135 1419 1256 1480 latinus
1282 1427 1386 1480 auctor
1407 1419 1494 1479 adhi-

340 1521 571 1594 benetentum
602 1520 649 1580 vel
675 1520 872 1581 constitutum
908 1518 1101 1596 comprobare
1138 1519 1271 1598 potuisse
1305 1537 1360 1578 uos
1390 1517 1496 1579 existi·

340 1637 468 1682 mamus.
513 1620 698 1681 illudentem
722 1619 817 1678 solum
842 1617 1031 1677 manifestum
1055 1617 1134 1694 θεῖ’)
1162 1617 1338 1696 scriptorem
1361 1617 1402 1678 ita
1423 1635 1496 1696 pec-

340 1720 460 1792 cavisse,
484 1727 517 1781 ut
541 1719 680 1797 magister
702 1717 829 1796 quisque
851 1715 1043 1794 discipulum,
1073 1715 1125 1794 qni
1153 1717 1211 1777 tale
1233 1716 1440 1789 commisisset,
1464 1726 1497 1777 ot

342 1816 650 1879 animadversionibus
674 1825 704 1876 ct
725 1813 968 1893 castigationibus
991 1815 1159 1876 adiecturus
1181 1815 1280 1875 luen't.

427 1917 602 1997 priusquam
618 1933 688 1976 vero
705 1915 741 1974 ad
757 1914 880 1976 alteram
892 1921 1007 1992 partem
1019 1913 1284 1993 argumentationis
1295 1923 1496 1986 nauseamus,

342 2017 521 2098 aliquamdiu
545 2015 710 2077 accuratius
733 2014 821 2076 etiam
844 2014 1044 2092 inquiramos,
1067 2031 1142 2094 quae
1164 2014 1254 2075 luerit
1276 2032 1311 2075 ea
1333 2013 1496 2075 mutotelii

343 2117 452 2179 codicis
473 2124 588 2188 natura,
611 2133 700 2194 quem
723 2112 879 2193 Apuleium
903 2113 994 2174 istum
1010 2121 1147 2175 secutum
1170 2131 1235 2174 essa
1258 2112 1416 2176 verisimile
1438 2121 1493 2174 est

341 2217 456 2296 primus
479 2215 599 2295 quidam
623 2213 807 2274 Goldbacher
830 2231 863 2273 ac
885 2212 965 2273 solus
988 2221 1073 2272 acute
1096 2231 1159 2273 eam
1182 2212 1385 2291 quaestionem
1408 2213 1496 2274 lusti·

340 2315 400 2375 tuit
421 2315 439 2374 l.
456 2314 474 2374 l.
497 2332 526 2394 p.
551 2311 729 2375 ast-683.
754 2318 800 2371 est
820 2319 921 2371 autem
944 2328 1024 2370 uuus
1046 2311 1128 2374 locus
1150 2312 1181 2371 iu
1205 2311 1311 2372 latino
1333 2311 1418 2381 libro,
1441 2313 1493 2391 qui

340 2416 467 2474 turmam
500 2414 578 2484 cius,
612 2411 668 2473 uisi
698 2409 798 2470 omnia
828 2409 947 2480 fallunt,
980 2410 1115 2471 illustrat.
1159 2409 1191 2469 iu
1224 2411 1377 2489 prooemio
1410 2409 1491 2471 enim

341 2531 369 2592 p.
395 2512 464 2583 106,
483 2510 579 2590 l3sq.
604 2509 637 2570 G.
660 2517 818 2589 postquam
851 2509 1035 2591 philosophia
1069 2509 1143 2571 duce
1176 2510 1306 2571 animam
1335 2510 1427 2572 solam
1455 2510 1493 2571 dc

340 2608 410 2672 caeli
433 2609 535 2689 plagis,
558 2607 595 2670 de
618 2609 743 2668 deorum
773 2608 926 2670 maiestate
954 2617 1037 2670 recte
1074 2608 1226 2688 explorare
1259 2627 1346 2690 posse
1379 2609 1492 2670 dictum

341 2715 397 2780 est,
424 2708 625 2769 adnectuntur
653 2707 737 2768 haee:
772 2719 986 2786 quemdem,
1021 2711 1072 2787 qui
1097 2711 1181 2768 uaeas
1204 2706 1259 2768 lect
1276 2710 1391 2787 tapecia
1412 2709 1493 2769 uadis

340 2805 543 2888 qualitatesque
577 2807 749 2879 describam,
772 2818 823 2868 aut
844 2811 957 2868 maem'a
981 2807 1061 2868 ards's
1076 2806 1263 2868 castellanias
1278 2806 1494 2883 amaattoema

343 2917 395 2968 eat
415 2911 600 2969 amoenitates
619 2918 646 2967 et
667 2908 879 2985 maqaitadt'aes
900 2909 1056 2980 mantiam,
1090 2906 1150 2966 alia
1183 2905 1274 2967 malta
1296 2907 1434 2985 descatpta
1456 2905 1492 2968 ab

343 3005 418 3076 altis,
440 3006 569 3086 piamque
592 3005 712 3066 studiose
734 3004 846 3085 tepeat:
880 3005 975 3084 Nysae
1007 3011 1075 3085 τὐηο
1107 3017 1133 3066 et
1156 3005 1318 3085 penetralia
1342 3004 1446 3084 Caspai
1465 3014 1492 3066 et

341 3103 458 3182 Olympi
477 3121 562 3164 saara
584 3113 610 3164 at
632 3103 721 3165 Ossae
747 3105 858 3176 ardaa,
892 3106 952 3166 alia
984 3105 1181 3192 heatuseemods'
1204 3105 1266 3166 sala
1296 3105 1451 3167 damtaaat
1465 3114 1493 3165 st

340 3201 453 3283 ampula
475 3201 626 3264 catellam.
672 3219 793 3282 quaram
814 3222 859 3264 me
881 3207 1002 3280 miseret,
1027 3221 1090 3264 eam
1111 3215 1360 3283 contemerasse
1381 3205 1492 3282 mapale

340 3313 368 3364 et
388 3301 489 3383 oppido
520 3307 619 3382 paucas
645 3303 813 3382 incaptebe'la‘
844 3301 1037 3363 admiratione
1063 3305 1225 3382 capiamur.
1269 3302 1301 3364 iu
1324 3301 1491 3380 quibusvis

339 3401 502 3482 particulae
525 3419 613 3481 qaaae
635 3401 721 3482 plane
750 3401 874 3463 obscura
901 3407 955 3463 est·
1002 3401 1109 3463 Graeca
1143 3419 1213 3464 vcro
1244 3400 1286 3464 illi
1320 3402 1384 3463 loco
1418 3401 1491 3462 haec

340 3498 522 3580 respondent
542 3519 569 3580 p.
596 3498 653 3561 391
670 3499 748 3562 a'18
765 3519 808 3580 sq.
838 3497 893 3562 διὸ
927 3498 982 3561 καὶ
1016 3497 1091 3571 τοὺς
1123 3496 1206 3582 μετὰ
1233 3497 1381 3582 σπουδῆς
1412 3495 1491 3562 δια-

340 3593 534 3682 γράψαντος
556 3594 636 3681 ἦμϊν
664 3595 736 3672 ἑνὸς
762 3595 867 3661 τόπου
901 3595 1005 3681 φύσιν
1037 3593 1057 3679 ἢ
1088 3599 1167 3680 μιᾶς
1189 3599 1299 3681 σχῆμα
1321 3594 1492 3680 πόλεωςῆ

341 3698 497 3779 ποταμοῦ
518 3698 663 3779 μέγεθος
684 3693 704 3779 ἢ
726 3693 821 3779 ὄρους
842 3693 973 3771 κάλλος,
1008 3693 1065 3758 eta'
1091 3717 1177 3769 τινες
1199 3695 1261 3780 ἤδη
1283 3695 1490 3780 πεποιήκασι

341 3793 520 3880 φράζοντες
536 3791 568 3857 ai
584 3793 645 3876 μὲν
660 3793 717 3877 την
731 3792 865 3870 Ὄσσαν,
890 3791 923 3857 oi
946 3793 983 3857 dt
997 3793 1056 3879 τὴν
1072 3791 1202 3871 Νύσαν,
1219 3792 1356 3859 aidica
1375 3793 1491 3879 Κωρύ-

342 3915 415 3958 κιον
437 3887 570 3976 ἄντρον,
595 3890 627 3956 oi
644 3893 681 3958 dd
704 3891 816 3958 ὁτιοῦν
839 3892 929 3973 ἔτυχε
943 3895 1007 3957 τῶν
1028 3893 1087 3956 ἐπὶ
1108 3897 1237 3978 μέρους,
1262 3895 1439 3959 οἰκτίσειεν
1450 3892 1492 3960 ἄν

340 4016 391 4067 τις
423 3993 480 4075 τῆς
502 3995 727 4078 μικροψυχίας
759 3986 801 4056 τοὶ
831 3991 970 4072 τυχόντα
1003 3991 1292 4078 ἐκπεπληγμένους
1323 3993 1378 4055 καὶ
1406 3997 1491 4076 μέγα

343 4092 546 4176 φρονοῦντας
569 4089 626 4154 ἐπὶ
651 4095 779 4174 θεωρίᾳ
800 4091 910 4174 μικρᾷ.
968 4095 1071 4173 quodsi
1092 4114 1124 4156 ea
1144 4095 1223 4157 iuter
1237 4114 1269 4156 se
1284 4113 1490 4177 comparamus

344 4241 557 4256 m

409 4328 429 4391 ¹)
449 4344 513 4377 nune
534 4328 637 4396 Ceylau.
657 4326 721 4379 canl.
735 4327 871 4379 Plin.l1.n.
885 4327 919 4379 Vl
938 4343 974 4394 cp.
989 4329 1036 4390 Ὦς
1054 4327 1093 4379 lx
1106 4345 1143 4394 cp.
1158 4327 1198 4378 37.
1218 4327 1298 4382 Soliu.
1311 4345 1334 4398 p.
1351 4331 1407 4396 216,
1424 4329 1489 4382 18-

341 4409 428 4474 223,3
446 4407 560 4461 Momms.
596 4407 711 4476 lliepaat.
729 4407 883 4474 disciplinas
901 4410 980 4476 antiq.
998 4425 1084 4474 geogr.
1103 4425 1126 4475 p.
1145 4411 1184 4460 42.

410 4491 429 4552 ⁹)
449 4490 514 4542 conl.
535 4492 612 4542 etiam
631 4490 768 4542 lloelseher
786 4491 804 4544 l.
823 4492 839 4542 l.
859 4509 881 4559 p.
897 4493 919 4544 9.
