3324 5238
662 425 882 491 ..45-

195 604 335 678 ationem,
359 603 442 665 ouius
464 604 520 665 hae
546 602 753 666 dissertatione
780 604 964 666 mentionem
997 603 1140 677 fecimus,
1174 603 1286 667 solvere
1312 614 1342 667 et

194 703 358 765 diiudicare
386 702 511 782 possint.
556 707 645 782 atquo
666 721 735 764 oum
758 702 933 782 praesertim
955 702 986 763 in
1008 701 1261 782 praepositionum
1284 721 1341 766 usu

193 800 418 863 substiterimus
456 801 688 881 disputationem
723 801 991 881 interrumpentes,
1023 820 1104 863 nuno
1130 801 1166 862 de
1194 801 1230 863 iis
1256 820 1343 881 prae-

193 899 394 980 positionibus
417 918 560 980 quaerere
584 900 745 980 pergimus,
768 899 895 980 quaein
918 897 1056 961 omuibus
1079 899 1160 962 libris
1184 910 1342 981 usurpatae

195 1006 277 1070 sunt,
301 1015 402 1060 rerum
426 999 535 1078 vulgari
559 999 648 1060 modo
670 999 701 1060 in
724 1005 795 1059 met.
811 1005 937 1060 tantum.
965 997 1005 1060 ita
1033 1002 1109 1060 ot'raa
1130 1031 1171 1044 -
1194 1006 1227 1060 ut
1250 999 1286 1060 ab
1309 1019 1342 1062 ea

193 1097 372 1177 incipiamus
395 1098 538 1159 -etde
560 1098 624 1159 looo
649 1097 757 1159 dicitur
778 1103 808 1158 et
831 1096 867 1158 de
895 1096 985 1158 animi
1018 1097 1192 1176 cogitatione
1225 1099 1261 1160 ad
1289 1099 1341 1160 ali·

196 1213 285 1274 quam
307 1214 371 1256 rem
394 1195 488 1258 delata
496 1194 521 1275 1)
543 1195 662 1276 ubique,
686 1195 722 1257 de
745 1202 878 1275 tempore
900 1215 979 1269 vero,
1001 1215 1075 1276 quae
1090 1195 1264 1275 significatio
1281 1215 1341 1258 non

196 1301 265 1356 ante
288 1294 411 1373 Augusti
433 1302 569 1374 tempora
603 1313 743 1374 expressa
777 1301 838 1367 est,
872 1295 943 1355 solis
975 1294 1007 1355 in
1040 1295 1340 1375 metamorphosibus.

195 1401 283 1473 atque
306 1391 477 1472 ubieunque
499 1393 677 1474 praepositio
701 1394 737 1455 ad
759 1394 902 1473 temporis
918 1393 1047 1456 rationes
1061 1394 1250 1469 transfertur,
1274 1413 1341 1456 cum

195 1491 332 1556 adverbio
353 1493 447 1573 ferme
480 1493 638 1554 ooniunota
668 1499 714 1554 est
736 1511 797 1554 uno
820 1500 941 1571 excepto
964 1493 1028 1553 looo
1052 1493 1100 1566 ΙΙΙ,
1124 1493 1174 1565 21,
1194 1493 1232 1554 10
1265 1496 1343 1555 eirca

191 1593 318 1671 monam
339 1595 428 1654 noetis
450 1591 586 1674 oipiliam.
611 1595 647 1654 oi.
671 1591 692 1665 l,
718 1591 823 1664 11,211
847 1596 924 1653 eirea
946 1595 1061 1652 tertiam
1086 1593 1178 1671 fmme
1205 1592 1340 1670 apetiam,

194 1688 266 1750 item
289 1690 359 1764 Vlll,
386 1689 434 1762 16,
453 1690 508 1764 183
531 1691 576 1764 lV,
602 1689 661 1764 1,9
683 1695 761 1752 sirm
776 1691 849 1752 diem
861 1690 988 1752 medium
1008 1692 1113 1770 serram
1137 1689 1208 1762 vill,
1233 1688 1283 1762 30,
1300 1691 1340 1754 28

192 1797 300 1852 nomem
322 1790 415 1870 seme
437 1793 514 1851 eirea
535 1791 674 1863 mediom;
698 1789 747 1862 ΙΧ,
770 1789 821 1862 30,
839 1787 878 1851 33
903 1790 974 1850 diem
995 1790 1088 1868 ferme
1110 1791 1187 1850 o'roa
1200 1790 1342 1864 maram,-

193 1885 242 1960 ΙΙΙ,
267 1888 295 1960 1,
314 1889 349 1947 11
375 1891 451 1951 oiroo
468 1893 598 1968 primam
618 1890 711 1968 semme
733 1892 822 1950 mostis
854 1888 996 1966 oipiiiam:
1030 1905 1105 1966 quae
1138 1888 1282 1949 formulae
1310 1889 1341 1950 in

195 1986 274 2046 nullo
295 1986 351 2048 alio
373 1987 448 2050 libro
472 2007 560 2068 quam
576 1988 680 2068 Apulei
695 1995 814 2048 metam.
838 1981 953 2047 exstare
967 1986 1121 2062 videntum
1145 1988 1248 2049 similis
1264 1989 1341 2067 apud

195 2083 364 2148 Petronium
386 2086 534 2167 reperitur
555 2106 582 2167 p.
608 2087 659 2159 55,
676 2084 716 2146 30
739 2085 785 2146 ed.
809 2084 879 2147 min.
903 2084 1012 2146 Bueeh.
1040 2086 1103 2164 sero
1126 2090 1200 2148 eirea
1221 2085 1342 2147 mediam

193 2194 308 2255 noctem,
332 2184 447 2246 diversa
470 2203 540 2246 vero
564 2185 627 2246 eius
650 2185 693 2246 vis
717 2192 762 2246 est
784 2185 861 2264 apud
877 2183 989 2244 Livium
1013 2183 1065 2254 36,
1088 2186 1150 2257 7,1
1177 2184 1342 2247 circadam

192 2282 254 2360 sere
276 2283 519 2346 emmltaliottem.
564 2292 654 2363 atque
687 2290 805 2363 praeter
838 2301 902 2345 eam
932 2283 1173 2345 coniunctionem
1195 2286 1287 2364 ferme
1309 2283 1341 2344 in

192 2388 263 2442 met.
288 2381 331 2443 bis
352 2381 461 2462 legitur
483 2382 519 2452 ΙΙ,
542 2381 593 2454 22,
610 2380 646 2456 6;
670 2381 716 2455 lV,
741 2379 849 2455 22,16
873 2382 1076 2444 adnumeres
1109 2383 1254 2463 positum,
1290 2381 1340 2462 qui

192 2495 297 2558 parum
320 2480 467 2542 subtiliter
488 2487 709 2559 computantur,
744 2481 774 2541 in
806 2480 929 2561 reliquis
963 2480 1080 2561 seriptis
1113 2481 1266 2552 undecies,
1289 2481 1340 2541 sed

193 2594 344 2657 nunquam
361 2583 436 2641 eirca
454 2624 482 2638 ..
505 2580 597 2658 ferme
613 2579 803 2641 coniunctum
821 2588 874 2641 est.
920 2585 1052 2641 ceterum
1074 2580 1169 2641 torma
1184 2581 1247 2661 sere
1263 2579 1340 2659 apud

191 2675 346 2756 Apuleium
380 2677 529 2739 rarissime
561 2677 668 2739 tradita
692 2686 753 2754 est,
786 2678 878 2739 semel
911 2685 979 2739 met.
1016 2677 1064 2752 ΙΙΙ,
1089 2677 1118 2753 3,
1135 2679 1175 2739 25
1197 2680 1260 2758 sere
1281 2681 1341 2740 iam

191 2780 275 2839 terlio
295 2777 401 2856 bipalio,
424 2774 517 2838 semel
539 2777 614 2855 apol.
639 2773 721 2849 97,1
749 2775 837 2838 lintea
859 2776 1044 2838 ducentorum
1059 2779 1121 2857 sere
1145 2779 1339 2839 denariatam.

191 2907 233 2919 —
256 2873 292 2936 de
313 2873 378 2936 loeo
401 2875 529 2955 denique
550 2878 627 2937 eirea
648 2875 680 2936 in
702 2883 821 2936 metam.
845 2893 906 2936 non
922 2877 1017 2936 solum
1034 2876 1214 2956 praepositio
1236 2894 1339 2937 verum

193 2971 282 3033 etiam
306 2973 477 3035 adverbium
500 2982 677 3054 occupatum
700 2981 745 3035 est
767 2972 841 3047 Vlll,
868 2972 973 3046 19,16
1001 2978 1109 3036 circam
1134 2975 1258 3054 capellae
1284 2992 1341 3054 pa-

190 3071 345 3151 somtes²);
368 3071 403 3145 X,
430 3071 479 3143 34,
496 3072 515 3132 9
535 3083 680 3153 pascentes
704 3075 780 3134 eirea
802 3070 946 3152 eupolim,-
969 3073 1061 3134 semel
1083 3076 1269 3135 oiroema'roo
1289 3071 1340 3152 ΙΙΙ,

194 3166 224 3238 3,
238 3167 275 3240 63
294 3171 485 3242 circumsecus,
501 3171 604 3252 Apulei
617 3171 780 3252 proprium,
797 3171 831 3244 ll,
850 3171 898 3246 14,
911 3169 967 3246 27;
981 3172 1014 3241 V,
1030 3173 1079 3245 17,
1092 3171 1149 3247 283
1164 3171 1213 3246 ΙΙΙ,
1231 3171 1277 3245 16,
1290 3169 1339 3232 30.

197 3283 344 3346 nusquam
360 3269 530 3333 adverbium
546 3271 577 3332 in
598 3271 703 3333 celeris
719 3270 888 3352 Apuleianis
905 3271 1020 3350 legitur,
1034 3278 1142 3332 atvero
1157 3269 1340 3350 in'Asolepio

192 3363 342 3428 invenitur
364 3367 414 3440 27,
433 3367 473 3430 30
493 3373 644 3450 omniaque
667 3374 772 3432 circam
793 3373 912 3449 inspicat.

277 3490 310 3543 ut
332 3485 406 3546 eirea
427 3483 466 3547 ita
485 3498 604 3568 propter
625 3487 657 3548 in
680 3493 800 3548 metam.
825 3494 855 3547 et
869 3485 1049 3566 praepositio
1066 3492 1095 3546 et
1110 3483 1280 3546 adverbium
1304 3482 1340 3545 ad

191 3577 392 3662 propinquum
416 3583 513 3647 lotum
536 3587 674 3660 refertur,
696 3585 776 3646 velut
798 3585 845 3659 Vl,
869 3582 977 3658 25,14
1008 3583 1081 3664 lapis
1111 3591 1229 3663 propter
1262 3585 1340 3644 viam

187 3683 306 3757 positus.
351 3692 469 3761 praeter
492 3701 561 3745 eum
584 3702 653 3746 vero
680 3685 779 3746 locum
814 3681 1065 3764 praepositionem
1097 3681 1198 3742 miuus
1231 3680 1341 3741 usitate

190 3776 376 3842 substantivo
399 3782 596 3862 postpositam
620 3801 686 3844 esse
709 3783 855 3863 plerique,
878 3790 911 3844 ut
934 3782 1006 3844 mibi
1029 3781 1153 3852 videtur,
1177 3797 1239 3841 non
1260 3787 1340 3841 reete

188 3873 334 3938 iudicant:
367 3878 403 3953 ll,
426 3878 477 3953 23,
499 3881 540 3940 24
574 3898 659 3960 paam
683 3891 802 3961 propter
836 3881 986 3956 adsistmm
1020 3880 1065 3952 ΙΙ,
1093 3881 1123 3953 4,
1139 3877 1181 3940 20
1214 3877 1341 3940 moutam

190 3974 329 4054 quendam
352 3984 489 4060 serpeob's
512 3979 613 4040 imiter
636 3997 726 4059 oquae
745 3991 864 4060 propter
884 3984 1029 4052 insisterem
1057 3980 1089 4052 V,
1113 3975 1237 4052 28,10;
1268 3975 1340 4050 Vlll,

192 4069 276 4142 1,10
298 4077 392 4153 ipaem
411 4087 530 4157 propter
563 4075 711 4152 adsiderem
747 4077 795 4152 13,
810 4077 851 4139 28
874 4077 1010 4158 copulam
1039 4088 1157 4158 propter
1191 4074 1340 4148 adseram

189 4165 239 4246 ΙΙΙ,
263 4169 349 4245 30,8
373 4173 535 4236 toletalum
564 4185 684 4255 propter
716 4175 876 4249 adstantem
910 4176 945 4249 X,
968 4175 1018 4250 21,
1034 4177 1074 4238 25
1098 4177 1193 4238 lumea
1221 4183 1341 4252 propter

190 4299 404 4314 -n—

258 4383 281 4451 ¹)
299 4383 332 4436 ei.
351 4385 430 4437 llund.
450 4388 468 4437 Ι.
481 4387 499 4439 Ι.
518 4386 599 4440 1166.

257 4465 278 4530 ²)
299 4465 331 4517 el.
350 4465 453 4520 lioziol.
472 4469 489 4520 Ι.
505 4469 522 4519 Ι.
541 4486 564 4536 p.
578 4469 636 4520 338.
673 4466 741 4520 inira
759 4471 824 4537 apud
842 4485 889 4522 nos
907 4485 930 4536 p.
943 4469 985 4521 to,
