3324 5238
665 435 879 500 -13-

203 620 329 698 capionis
343 620 384 678 ita
398 618 511 696 inuenio
527 619 634 676 mentis.
664 613 739 693 apol.
759 615 784 687 1,
797 609 833 685 8·,
847 610 877 686 3,
891 611 944 686 15;
970 609 1019 680 14,
1031 610 1067 685 4,
1082 607 1134 680 21,
1146 608 1202 686 21·,
1224 609 1275 684 46,
1288 607 1347 682 24,

205 718 255 789 65,
267 715 296 776 5.
320 716 356 778 de
378 715 451 776 Plat.
475 722 505 778 et
528 715 590 776 eius
613 714 710 792 dogm.
734 711 768 784 ll,
792 710 911 786 24,18.

290 833 365 894 quae
391 814 416 875 si
439 814 486 876 cui
507 812 625 875 levioris
648 811 791 874 momenti
809 811 962 872 videantur
978 825 1050 880 esse,
1075 807 1110 868 de
1125 805 1265 887 particula
1288 815 1347 866 aut

205 933 279 995 quae
310 913 532 996 disputabimus,
562 911 683 974 meliora
710 912 816 974 docere
837 927 925 990 posse
956 907 1141 970 confidimus.
1186 915 1237 968 aut
1266 905 1346 966 enim

206 1013 237 1073 in
260 1011 400 1075 omnibus
423 1013 704 1092 metamorphoseon
733 1009 815 1072 libris
844 1007 935 1070 semel
964 1013 1067 1079 exstat,
1095 1016 1145 1066 cat
1167 1051 1197 1066 ..
1221 1017 1280 1077 aut,
1308 1006 1347 1068 ita

206 1121 241 1174 ut
262 1112 338 1174 duae
360 1130 407 1174 res
430 1112 556 1192 graviter
579 1110 795 1190 disiungantur,
819 1124 966 1186 nusquam
988 1105 1131 1185 scriptum
1153 1112 1206 1184 est,
1238 1106 1290 1166 sed
1313 1124 1346 1168 ea

206 1211 421 1292 significatione
444 1209 556 1291 ubique
585 1209 630 1270 cel
643 1243 681 1251 -
694 1207 753 1280 vel,
786 1205 899 1268 etiamsi
922 1203 1042 1265 tertium
1065 1203 1173 1283 aliquid
1196 1204 1347 1266 exclusum

206 1317 260 1370 est.
305 1309 351 1383 lV,
374 1306 425 1384 25,
441 1307 481 1372 28
505 1309 622 1388 laqueus
645 1315 695 1367 cat
714 1305 830 1386 pladias
858 1313 909 1366 nat
931 1313 1003 1364 certe
1023 1307 1225 1384 praecipitium
1244 1302 1349 1382 procul

205 1408 291 1471 dubio
318 1409 516 1490 capessendam
542 1417 583 1468 est
609 1422 713 1466 omues
741 1403 856 1465 codices
886 1403 1086 1464 consentiunt.
1131 1403 1182 1462 sed
1208 1402 1288 1482 quod
1316 1402 1349 1462 in

205 1507 416 1588 Eyssenhardti
438 1506 570 1568 editione
592 1503 626 1575 ll,
650 1503 714 1576 9,8
737 1503 862 1584 legimus
885 1501 953 1584 qaid
976 1519 1039 1562 cam
1063 1501 1174 1580 capillis
1189 1502 1266 1562 color
1278 1517 1349 1579 pra-

206 1615 251 1666 tas
273 1617 300 1668 et
321 1609 400 1668 nitor
420 1603 585 1686 splendidas
606 1604 709 1666 inlucet
730 1613 757 1665 el
778 1613 878 1664 contra
900 1601 966 1663 solis
981 1604 1070 1662 aciem
1085 1610 1196 1680 capetus
1216 1597 1350 1680 palparet

206 1704 252 1764 vel
275 1704 407 1783 placillus
435 1707 537 1766 candel
571 1713 631 1764 cat
662 1705 693 1764 in
721 1706 896 1764 contrariam
927 1704 1051 1780 pretium
1080 1703 1175 1762 vomat
1207 1708 1348 1780 aspectam

208 1802 374 1864 Groslotius
397 1803 604 1864 emendatione
626 1801 764 1874 restituit,
792 1818 860 1862 nam
884 1801 942 1862 duo
966 1800 1080 1862 codices
1102 1797 1292 1860 Laurentium
1315 1807 1351 1858 at

207 1904 239 1960 in
261 1904 437 1961 contrariam
456 1903 580 1977 pretium
597 1903 692 1960 variat
713 1909 854 1978 aspectum
868 1899 999 1960 tradunt.
1044 1916 1133 1978 quam
1149 1897 1349 1960 coniecturam

211 2015 307 2076 neque
331 1995 510 2058 Groslotium
533 1995 660 2058 arbitror
681 1997 830 2057 facturum
852 1996 946 2058 fuisse
968 2015 1025 2056 nec
1039 1996 1219 2074 posteriores
1242 1995 1350 2074 proba-

209 2102 302 2167 turos,
330 2094 356 2155 si
381 2093 543 2174 particulae
573 2112 674 2155 rarum
701 2094 734 2154 in
761 2102 880 2156 metam.
914 2111 1001 2154 usum
1029 2093 1108 2156 docti
1135 2093 1188 2154 viri
1216 2087 1350 2156 animad-

208 2193 373 2256 vertissent.
428 2193 539 2256 scilicet
570 2201 650 2254 recte
682 2211 736 2272 pro
770 2202 801 2254 ct
834 2200 884 2254 aut
916 2202 943 2257 et
970 2191 1161 2253 scribendum
1183 2199 1236 2264 est,
1270 2193 1350 2272 quod

209 2311 391 2372 quamquam
418 2292 486 2380 inde
517 2311 532 2352 a
563 2308 645 2352 nono
675 2293 791 2352 saeculo
813 2291 844 2352 in
873 2291 1022 2372 plerisque
1050 2291 1196 2354 codicibus
1228 2299 1298 2353 nota
1325 2290 1350 2353 dt

208 2391 361 2476 excipitur,
385 2398 485 2454 tamen
508 2390 647 2454 omnibus
670 2389 856 2471 temporibus
879 2391 967 2452 etiam
990 2389 1076 2470 plene
1091 2389 1182 2451 literis
1198 2399 1349 2452 exaratum

209 2492 367 2570 reperitur,
391 2498 441 2552 aut
462 2491 518 2561 cel,
540 2493 624 2552 cuius
647 2497 746 2552 notam
761 2491 775 2551 l
793 2489 902 2568 librarii
925 2508 1013 2569 saepe
1036 2491 1111 2552 male
1134 2489 1347 2558 intellexerunt

209 2589 279 2669 quid
308 2591 387 2670 quod
409 2589 441 2650 in
462 2607 644 2670 unoquoque
660 2595 825 2652 ceterorum
850 2589 1029 2668 scriptorum
1053 2596 1082 2650 et
1105 2600 1155 2652 nat
1177 2599 1207 2652 et
1228 2602 1279 2654 aat
1294 2636 1301 2651 .
1318 2636 1348 2652 ..

208 2699 259 2751 cat
280 2697 315 2752 ut
337 2689 463 2752 alterum
480 2689 562 2750 alteri
578 2689 768 2768 respondeat,
791 2687 878 2750 solito
894 2707 978 2750 more
993 2685 1169 2770 usurpatum
1186 2697 1232 2749 est
1246 2708 1348 2753 eorum

207 2795 372 2862 auctorum,
394 2788 445 2869 qui
467 2787 711 2850 disiunctivarum
733 2787 942 2868 particularum
965 2807 1053 2851 usum
1077 2787 1113 2850 ad
1127 2797 1221 2852 certas
1236 2790 1349 2870 regulas

208 2887 393 2968 redegerunt
438 2887 470 2950 in
491 2886 604 2949 lloridis
629 2887 670 2948 ita
694 2887 784 2948 octies
807 2885 929 2966 simplex
952 2886 1092 2966 particula
1114 2887 1230 2966 legitur,
1260 2886 1348 2966 quiu-

208 2986 291 3067 quies
315 2997 366 3048 aut
380 3031 387 3046 .
403 3031 412 3046 .
430 2995 496 3048 cat:
519 3005 549 3066 p.
576 2987 602 3058 1,
619 2985 637 3045 5
660 3003 750 3067 nepae
771 2989 845 3047 enim
866 2989 967 3048 iacstim
981 2983 1143 3070 rele'piceam
1158 3003 1269 3046 moram
1283 2987 1349 3046 cia-
1458 3021 1467 3032 ι

209 3089 268 3145 tori
288 3085 419 3146 obiecerit
442 3093 492 3144 cat
514 3101 568 3146 ara
589 3083 710 3160 floribus
723 3085 858 3146 redimita
874 3095 925 3146 cat
938 3084 1072 3164 spelunca
1088 3083 1240 3165 frondibus
1254 3087 1350 3146 inam-

211 3181 294 3244 brata
321 3192 372 3244 cat
399 3199 519 3262 querens
547 3182 680 3244 cornibus
707 3193 825 3246 onerata
853 3193 903 3244 aat
932 3185 1019 3264 sapas
1049 3183 1172 3264 pellibus
1186 3258 1189 3270 Ι
1205 3194 1349 3246 coronata.

209 3278 333 3357 22,19;
360 3281 482 3356 2613,
510 3279 559 3354 30,
577 3282 632 3357 16;
656 3281 707 3354 36,
722 3283 751 3343 4.
791 3284 824 3344 de
852 3283 902 3346 deo
928 3281 1008 3344 Suam
1035 3281 1349 3354 aut..aat18,12

208 3389 259 3440 nat
278 3385 395 3462 inpacta
416 3384 540 3462 dapar-ia
561 3380 666 3444 Heleni
685 3392 737 3445 aut
757 3382 897 3446 incredita
918 3385 1054 3444 uaticinia
1078 3380 1270 3456 Cassandram
1299 3381 1348 3454 26,

213 3476 250 3537 19
271 3488 323 3540 aut
349 3496 408 3540 oon
435 3489 486 3542 aat
516 3489 588 3542 certe
610 3485 770 3562 cuiuspiam
796 3500 854 3544 uon
877 3482 1030 3556 discretam
1063 3481 1114 3552 26,
1130 3481 1170 3542 22
1193 3491 1244 3544 aat
1264 3485 1352 3542 nemit

208 3575 284 3638 ande
305 3595 340 3638 ea
362 3588 462 3640 enoria
484 3583 528 3652 sit,
551 3591 604 3642 nat
623 3584 655 3640 in
675 3583 739 3660 ipsa
760 3580 868 3662 aliquid
890 3580 1038 3643 addubitat
1059 3591 1111 3644 cat
1131 3600 1194 3644 eam
1216 3580 1351 3664 quiddam

207 3676 353 3746 insolitam
369 3721 401 3738 ..
423 3678 597 3742 demonstrat
625 3679 762 3742 babuisse.
806 3679 839 3741 iu
873 3680 1005 3760 apologia
1038 3680 1164 3760 simplex
1196 3679 1288 3742 sexies
1322 3688 1351 3740 et

207 3773 302 3849 vinies,
332 3786 382 3838 aat
398 3822 405 3837 .
422 3822 428 3836 .
445 3788 496 3839 aat
518 3778 659 3842 undecies
682 3779 789 3860 legitur
814 3781 937 3854 15,15;
963 3779 1058 3855 17,4;
1082 3778 1206 3858 21,12;
1229 3776 1351 3855 33,16;

209 3870 486 3951 36,10;47,17;
514 3877 564 3946 51,
581 3877 636 3953 26;
666 3878 716 3951 54,
734 3877 771 3936 21
806 3887 856 3940 cat
886 3898 935 3960 epo
961 3879 1115 3950 subiectam
1149 3879 1268 3942 dicerem
1301 3887 1351 3940 cat

206 3972 331 4034 remedio
351 3985 496 4054 acceptam
518 3985 570 4037 nat
583 3994 664 4038 sacco
680 3977 817 4039 traditam
832 3987 882 4040 cat
896 3981 1004 4040 somnio
1019 3981 1203 4058 imperatam
1228 3977 1278 4050 56,
1296 3976 1350 4053 18;

208 4069 258 4146 92,
277 4070 331 4148 18;
355 4069 406 4146 96,
422 4073 451 4133 2.
473 4073 506 4135 in
522 4073 639 4137 duobus
658 4076 788 4156 denique
803 4077 840 4138 de
854 4076 978 4142 Platone
994 4087 1024 4140 et
1040 4077 1102 4162 eius
1117 4077 1254 4155 dogmate
1268 4076 1350 4143 libris

208 4169 331 4251 simplex
353 4171 461 4244 decies,
492 4171 538 4235 bis
561 4192 629 4234 cum
651 4173 697 4236 uel
723 4175 916 4237 coniunctum
939 4176 1090 4237 invenitur
1114 4176 1148 4249 ll,
1171 4176 1221 4252 22,
1238 4175 1278 4236 30
1300 4195 1350 4237 nec

209 4281 328 4350 cupetur
350 4271 499 4351 ...qaod
515 4317 521 4332 .
539 4319 545 4332 .
563 4316 570 4332 .
586 4273 631 4334 vel
657 4273 740 4335 illam
767 4274 971 4355 aspritudinem
989 4285 1108 4356 propter
1135 4295 1208 4346 eam,
1235 4279 1286 4357 pai
1310 4285 1351 4337 est

208 4379 363 4439 mortuus,
386 4373 522 4450 aasabim
538 4416 545 4431 .
563 4417 570 4432 .
588 4382 638 4434 aut
658 4391 712 4434 saa
732 4377 841 4454 protia3
863 4373 884 4450 l,
909 4373 937 4448 7,
953 4374 996 4433 14
1013 4364 1112 4436 etalio
1131 4377 1214 4436 initia
1229 4378 1353 4436 inveniri

206 4467 332 4546 fornica
349 4484 431 4547 posse
453 4478 505 4529 cat
536 4488 608 4551 qaae
637 4472 688 4534 deo
715 4482 784 4534 nota
810 4475 868 4536 sint
900 4473 945 4536 ael
971 4477 999 4536 ei
1023 4478 1075 4555 cui
1097 4477 1132 4535 sit
1161 4473 1214 4536 diis
1243 4478 1350 4536 amicas
