3324 5238
782 398 1003 464 ..53-

315 576 448 656 fidentes
486 587 593 659 quom
625 577 752 640 modoet
789 579 870 658 {ersi
905 578 1029 640 misero
1061 578 1168 639 dravo
1199 580 1304 658 miro
1335 589 1467 658 procecm

316 675 452 750 limium,
474 676 527 738 ubi
547 687 653 758 quoato
674 695 729 757 pro
751 682 821 758 quio
845 677 1056 739 coniunctione
1081 677 1306 756 intelligendum
1328 685 1384 739 est
1431 677 1466 739 iu

316 776 425 838 ceteris
445 775 563 856 scriptis
586 776 691 856 Apulei
713 778 823 856 septies
846 788 988 857 usurpata
1011 785 1067 850 est,
1088 775 1200 855 ubique
1222 776 1318 837 itaut
1340 783 1370 837 et
1385 785 1466 837 tonte

317 881 348 934 ct
379 885 486 955 quanto
514 892 617 936 vocem
650 876 865 954 comparativus
890 884 1051 956 sequatur:
1095 875 1160 936 dor.
1195 894 1224 954 p.
1247 873 1332 948 29,8
1359 885 1467 956 quom

316 973 1467 1056 mdecrplurc..bodere..mffrcpio,toatocusscddiceodcm..omcto-

315 1075 386 1147 riom
419 1071 470 1146 33,
484 1075 523 1134 15
546 1083 653 1154 quanto
676 1073 802 1134 crebrior
823 1085 983 1156 quantoque
1002 1079 1154 1145 morior,
1186 1083 1266 1135 toruo
1284 1078 1406 1154 proptor
1428 1073 1468 1134 cd

316 1177 409 1234 uuicti
426 1177 591 1245 smtitotem3
621 1171 697 1252 apol.
721 1169 804 1242 3,18
826 1183 933 1253 prosto
955 1173 1104 1236 obsoletior
1131 1183 1173 1234 est
1192 1182 1272 1233 tosto
1293 1175 1467 1234 comeam

316 1272 451 1345 buldam
475 1270 556 1342 11‚8
579 1282 658 1334 tuoto
679 1275 834 1334 coactores
859 1283 928 1334 sunt
948 1283 1056 1354 questo
1078 1275 1242 1352 apertiores,
1270 1281 1350 1333 tuoto
1375 1271 1468 1352 pudi-

317 1376 378 1433 cius
398 1374 545 1451 compositi
564 1381 671 1451 questo
692 1371 848 1450 simplicius
871 1373 1011 1452 prodeam
1037 1369 1140 1444 21,21
1173 1381 1252 1432 torto
1279 1370 1387 1432 leuior
1411 1372 1467 1451 [u-

317 1481 401 1532 taous
421 1480 527 1552 quoue
550 1469 705 1543 collectum
727 1470 843 1532 dedeo
866 1471 950 1532 Scor.
977 1471 1059 1544 1,14
1081 1479 1186 1552 quanto
1210 1468 1322 1549 loupiac
1341 1470 1469 1548 facessat

317 1570 426 1640 osole,
448 1580 527 1632 tosto
549 1569 661 1649 lemica
682 1569 874 1644 meduanam
897 1571 934 1632 de
955 1570 1028 1634 Plat
1044 1580 1076 1632 et
1098 1571 1162 1632 eius
1177 1570 1276 1648 dogm.
1298 1569 1334 1641 ll,
1359 1567 1408 1642 18,
1424 1568 1466 1629 20

317 1679 423 1751 quoodo
441 1670 573 1750 plurium
594 1668 725 1749 cupt'dior
745 1673 790 1740 co,
819 1679 897 1732 tuoto
924 1673 1048 1750 spendor
1069 1669 1179 1731 coemes
1197 1714 1230 1729 ..
1254 1669 1348 1730 uideri
1364 1677 1466 1748 potest.

317 1769 370 1830 sed
392 1768 424 1829 iu
446 1767 520 1828 libro
543 1766 596 1846 qui
617 1775 664 1828 est
678 1767 716 1828 dc
731 1768 844 1829 mundo
866 1767 911 1829 bis
935 1787 968 1830 ea
989 1769 1028 1829 ita
1049 1768 1210 1830 coniuncta
1233 1775 1289 1842 est,
1312 1775 1346 1829 ut
1361 1777 1466 1849 qimnto

318 1869 354 1930 ad
376 1867 601 1948 positivum,
634 1876 714 1927 tomo
736 1867 774 1927 ad
794 1867 1030 1948 comparativum
1052 1869 1184 1950 positum
1206 1868 1254 1943 sit,
1287 1887 1363 1949 quae
1390 1868 1465 1929 ratio

317 1985 385 2029 cum
423 1984 439 2028 a
475 1966 557 2028 nullo
594 1964 748 2045 autiquo¹l
785 1975 921 2039 auctore,
948 1986 1039 2047 quem
1066 1985 1122 2029 nos
1144 1967 1312 2038 imitamur,
1343 1968 1467 2048 probata

317 2074 363 2128 est
383 2075 447 2128 tum
471 2066 549 2145 apud
564 2065 720 2146 Apuleium
736 2083 885 2146 nusquam
901 2065 1058 2146 reperitur.
1101 2067 1159 2128 loci
1174 2085 1244 2127 vcro
1259 2074 1330 2128 sunt
1351 2066 1403 2142 25,
1415 2068 1465 2144 24,

318 2183 441 2247 corporo
467 2165 521 2227 otc
546 2165 677 2227 cocheio
706 2174 813 2246 quom
839 2165 963 2244 finitimo
984 2175 1052 2228 suot
1073 2168 1102 2226 ei
1121 2175 1200 2226 toute
1222 2164 1345 2246 empitius
1367 2166 1400 2227 de
1415 2167 1465 2229 deo

320 2283 453 2346 coa-pem
474 2264 504 2336 9,
522 2265 541 2324 5
563 2263 678 2326 nimbus
700 2275 797 2325 cutem
819 2274 925 2344 quooto
940 2268 1106 2344 mpeutious
1119 2273 1160 2324 est
1174 2273 1255 2325 tacto
1275 2263 1462 2326 vehementior

316 2374 344 2425 ct
376 2374 483 2444 poento
514 2365 696 2444 inprovisior
725 2367 924 2443 praecipitatio
955 2367 1016 2424 oua
1053 2375 1093 2424 est
1124 2373 1204 2424 tuoto
1238 2363 1365 2425 breuiore
1396 2383 1462 2425 eosc

316 2466 512 2542 restrticps'tur,
529 2480 588 2542 quo
604 2461 723 2543 quidem
740 2463 830 2524 altera
842 2461 1012 2524 coniunctio
1027 2463 1114 2523 solito
1130 2462 1220 2524 modo
1236 2461 1464 2542 comparativum

316 2561 416 2623 habet.
460 2560 511 2621 sed
534 2569 702 2622 memoratu
725 2561 847 2640 dignum
872 2568 918 2622 ost
943 2560 1079 2622 similiter
1098 2560 1258 2640 positivum
1281 2560 1313 2621 in
1327 2561 1463 2642 Asclepio

317 2658 446 2721 inveniri
468 2657 584 2731 28,12,
608 2659 692 2720 cuius
715 2677 884 2721 sermonem
908 2660 965 2721 iam
992 2667 1078 2722 autea
1100 2659 1205 2722 abillo
1228 2660 1333 2723 mundi
1355 2659 1466 2721 descri-

317 2759 419 2840 ptiouc
434 2775 496 2820 uon
512 2758 551 2819 ita
568 2757 726 2820 abhorrere
749 2759 891 2820 vidimus:
909 2762 1056 2840 poento..
1079 2769 1156 2821 tuoto
1174 2770 1239 2840 post
1259 2769 1379 2821 mortem
1399 2777 1465 2820 soe-

317 2857 446 2921 cicrt‘bue
467 2857 656 2929 subiciuntur,
679 2869 785 2939 quom
807 2862 839 2920 iu
859 2863 920 2920 cito
940 2859 1066 2939 {madon
1079 2859 1193 2939 {uorem
1206 2858 1305 2920 celato.
1320 2847 1371 2903 ’-
1392 2859 1466 2920 haec

317 2965 397 3032 sunt,
420 2976 496 3037 quae
519 2975 574 3018 uos
597 2957 633 3018 dc
655 2957 866 3036 particulamm
891 2957 1058 3020 diversitate
1080 2957 1222 3020 memoria
1238 2957 1467 3039 comprehendi-

319 3073 401 3117 mus:
433 3055 520 3117 etiam
550 3055 635 3135 plura
657 3057 783 3118 fortasse
806 3057 842 3118 dc
870 3066 1040 3120 ceterorum
1068 3056 1277 3119 uocabulorum
1307 3073 1365 3118 usu
1393 3073 1467 3136 pro-

318 3153 391 3215 ferri
414 3162 546 3233 possunt
575 3155 656 3216 siin
678 3173 742 3216 cam
765 3173 828 3216 rem
853 3156 935 3217 omni
957 3173 1027 3218 cura
1055 3162 1085 3217 et
1111 3155 1192 3217 omui
1219 3155 1394 3233 cogitatione
1416 3154 1467 3215 iu-

318 3251 476 3315 cumbitur.
511 3253 563 3315 sed
585 3254 668 3328 haec,
692 3253 909 3335 qualiacunque
932 3264 1013 3327 suut,
1035 3255 1081 3315 vel
1102 3253 1164 3333 ipsa
1187 3253 1351 3334 patefacere
1374 3262 1464 3334 atquc

317 3352 467 3416 illustrare
489 3353 627 3416 videntur
649 3352 765 3414 dicendi
787 3372 883 3434 genus
906 3371 966 3415 non
988 3363 1052 3415 tam
1075 3352 1272 3434 Apuleiauum
1294 3371 1463 3432 essequam

318 3451 439 3532 plurimi
461 3445 654 3514 arbitrentur.
699 3462 776 3531 quae·
797 3454 926 3515 comita
950 3453 1018 3524 siut,
1047 3468 1111 3512 uon
1134 3459 1195 3514 tam
1217 3451 1378 3514 absurdum
1401 3469 1466 3513 csse

318 3548 461 3622 videatur,
495 3568 555 3612 non
583 3557 645 3612 mm
672 3550 767 3631 inepti
795 3560 886 3631 atquc
917 3550 1024 3614 insulsi
1051 3550 1199 3623 hominis,
1231 3552 1257 3613 si
1291 3551 1357 3630 quis
1389 3554 1467 3612 forte

318 3649 423 3729 Apulei
445 3650 651 3712 auctoritatem
674 3649 705 3710 iu
727 3650 944 3721 dubitationem
967 3668 1072 3711 vocare
1094 3649 1199 3711 audeat
1221 3657 1309 3730 atquc
1324 3648 1463 3712 subtilius

318 3747 494 3826 investigare
517 3748 636 3829 incipiat
657 3750 880 3831 accuratiusque
903 3750 966 3811 eius
982 3748 1165 3811 condicionis
1184 3748 1330 3811 rationem
1345 3749 1466 3819 babere,

319 3865 391 3909 uum
415 3865 491 3926 quae
513 3846 568 3908 alia
590 3847 698 3909 iudicia
720 3848 849 3928 perspici
872 3848 999 3928 possint,
1026 3866 1101 3928 quac
1122 3856 1300 3927 persecutus
1321 3846 1465 3926 graviori-

318 3947 374 4020 bus
397 3965 466 4008 cum
492 3947 685 4026 argumentis,
715 3947 841 4009 certiore
868 3965 936 4009 cum
964 3947 1021 4008 fide
1049 3945 1236 4009 Madaurensi
1264 3945 1293 4007 id
1322 3945 1466 4027 scriptum

318 4045 391 4108 falso
419 4046 515 4109 adhuc
537 4046 713 4109 attributum
737 4065 801 4108 csse
823 4045 1013 4107 contenderit
1035 4063 1069 4106 ac
1092 4044 1268 4107 defenderit.

405 4163 584 4227 quamquam
608 4153 709 4209 contra
734 4143 869 4206 omnium
885 4144 1042 4206 doctorum
1058 4143 1188 4206 virorum
1209 4143 1314 4223 placita
1330 4160 1466 4225 pugnan-

320 4243 391 4306 dum
425 4254 470 4307 est
499 4253 587 4326 atque
616 4244 716 4324 opinio
748 4243 867 4323 penitus
898 4241 987 4304 insita
1020 4241 1159 4304 radicitus
1191 4243 1325 4304 delenda.
1371 4259 1466 4322 neque

390 4377 410 4440 ¹)
428 4376 494 4428 conl.
513 4376 573 4428 Tac.
592 4393 649 4427 ann.
668 4374 688 4438 l,-
706 4377 739 4426 5⁹1
761 4391 824 4426 mm
845 4376 969 4442 tartaro,
995 4379 1089 4442 quanto
1115 4375 1172 4440 quia
1193 4373 1303 4427 eudocia
1322 4377 1466 4444 promptus,

321 4462 392 4511 tanto
409 4462 498 4527 mgis
510 4456 585 4525 fidus
601 4458 724 4524 rebusque
739 4459 815 4508 noos
829 4459 916 4525 potior
933 4459 1046 4509 laomor.
