3324 5238
673 403 890 466 ,77-

205 577 303 641 Africa
326 577 455 641 distaret.
500 598 534 642 ac
556 579 644 642 nobis
667 579 785 644 videtur
807 581 928 642 minime
951 579 1075 644 dubium
1099 595 1173 649 esse,
1196 579 1269 659 quin
1285 579 1350 640 iilo-
1392 645 1394 652 ,

206 695 273 740 rum
295 676 452 742 vorborum
476 678 649 742 testimonio
672 680 866 742 confirmetur
896 688 1048 743 auctorem
1075 677 1145 740 libri
1174 678 1212 739 de
1241 679 1352 740 mundo

207 776 309 838 autin
331 776 395 856 ipsa
418 776 492 840 urbo
514 777 607 838 Rome
629 785 680 840 aut
702 777 779 842 intra
801 778 971 841 italicorum
994 778 1068 840 fines
1096 775 1202 840 studiis
1224 776 1353 838 rhetori·

207 875 249 938 cis
271 873 402 936 deditum
425 875 523 938 fuisse.
570 895 644 956 qnae
667 894 713 939 res
738 895 806 940 cum
829 876 870 939 ita
892 895 925 939 se
948 876 1061 947 babeat,
1085 895 1120 937 eo
1143 875 1235 955 magis
1258 876 1354 938 admi-

207 975 323 1037 ratione
346 975 509 1049 adficimur,
532 976 612 1055 quod
635 983 753 1054 praeter
775 976 926 1038 Stabrium
949 993 1038 1038 nemo
1061 992 1115 1056 per
1137 975 1203 1054 plns
1225 975 1353 1055 quadra-

207 1073 287 1152 ginta
309 1089 412 1148 annos,
442 1074 493 1154 qui
515 1093 551 1136 ex
574 1094 616 1136 eo
638 1083 773 1155 tempore
799 1075 1027 1154 praeterierunt,
1060 1074 1148 1136 firmo
1181 1074 1290 1136 indicio
1321 1093 1354 1136 ea

208 1191 294 1236 causa
318 1170 404 1234 nnus
428 1181 482 1244 est,
512 1174 564 1235 sed
586 1173 758 1253 quicunque
787 1175 824 1235 de
846 1174 903 1236 hoc
925 1173 1089 1253 dpuleisno
1117 1170 1192 1234 libro
1220 1181 1355 1250 egerunt,

208 1279 258 1333 ant
293 1269 483 1333 Hildcbrandi
517 1280 661 1334 mutatam
695 1272 874 1335 sententiam
909 1271 1036 1352 ampiexi
1074 1278 1145 1334 sunt
1177 1281 1228 1334 aut
1259 1278 1353 1333 totam

208 1369 412 1451 quaestionem
446 1370 566 1434 missam
594 1371 731 1432 iecerunt
761 1379 811 1432 aut
845 1371 1007 1433 absurdum
1041 1370 1150 1451 aliquid
1185 1389 1295 1433 novum
1322 1371 1354 1432 in

209 1468 338 1532 medium
372 1470 570 1550 protulerunt.
615 1471 695 1532 solus
729 1471 760 1530 V.
794 1471 903 1532 Rosius
937 1471 1036 1532 anecd.
1072 1470 1173 1532 Graec
1198 1472 1220 1544 1,
1249 1469 1289 1530 79
1322 1471 1354 1532 in

208 1575 379 1631 transcursu
402 1567 556 1630 confessus
579 1577 623 1630 est
645 1569 754 1631 librum
778 1569 813 1630 ab
835 1568 959 1648 Apuleio
982 1569 1095 1630 Romae
1113 1569 1256 1648 scriptum
1280 1587 1353 1630 esse.

208 1665 368 1731 Hoeiseber
391 1687 460 1730 vero
483 1668 501 1728 l.
524 1669 542 1730 i.
567 1687 596 1749 p.
616 1669 653 1730 19
684 1669 809 1730 eandem
840 1678 971 1731 mentem
994 1670 1116 1748 aperuit,
1145 1669 1227 1730 cuius
1250 1668 1354 1748 placita

209 1765 435 1830 iiiidebrandius
458 1768 489 1828 in
513 1767 643 1830 editione
666 1783 720 1831 sua
736 1767 898 1848 explicavit.
943 1768 994 1830 sed
1011 1769 1111 1830 animo
1127 1766 1189 1830 fere
1205 1767 1354 1847 obstupui,

210 1881 278 1926 oum
301 1863 495 1927 Goldbacberi
517 1865 615 1937 verba,
638 1866 702 1928 eius
724 1866 829 1945 quiin
852 1865 915 1927 aliis
939 1865 1027 1928 rebus
1042 1867 1248 1946 quaestionem
1271 1873 1355 1928 acute

210 1963 367 2044 expedivit,
400 1964 435 2025 ad
463 1965 563 2026 oculos
595 1964 667 2025 mibi
690 1963 825 2026 venirent
845 1964 865 2024 l.
889 1968 907 2024 Ι.
931 1981 957 2042 ρ.
976 1963 1038 2025 683
1066 1963 1241 2026 disserentis
1271 1965 1355 2026 etiem
1451 1995 1456 2004 ·

208 2071 304 2124 noster
325 2062 391 2124 ideo
413 2063 524 2125 dictum
541 2081 618 2138 osse,
641 2062 721 2142 quod
737 2063 844 2126 Vesuvi
860 2081 970 2124 nomen
985 2062 1091 2124 ceteris
1106 2062 1209 2124 Graeci
1229 2061 1356 2142 exempti

210 2160 337 2224 vulcenis
365 2161 423 2224 iam
453 2161 566 2224 dudum
596 2161 677 2224 notis
704 2161 837 2224 additum
865 2171 952 2224 esset.
996 2179 1065 2224 nem
1093 2161 1118 2223 si
1146 2160 1218 2241 quid
1244 2179 1355 2223 novum

210 2259 360 2333 adiciatur,
398 2261 573 2341 particulam
605 2266 690 2324 etium
723 2261 859 2340 usurpari
891 2279 981 2322 nemo
1009 2261 1134 2340 ignorat,
1165 2260 1219 2322 sed
1252 2259 1354 2322 eedem

209 2359 323 2420 ratione
345 2362 543 2438 possessivum
566 2377 732 2441 pronomen
756 2378 851 2439 agere,
878 2379 937 2438 quo
960 2360 1070 2422 artiore
1091 2377 1206 2422 conexu
1229 2358 1353 2421 societa-

209 2465 299 2537 teque
320 2460 446 2537 quadarn
469 2459 594 2522 naturedi
617 2459 771 2522 bominem
794 2457 987 2522 coniunctum
1010 2477 1074 2520 esse
1089 2457 1271 2537 significatur
1286 2473 1353 2520 cum

210 2575 243 2618 ee
264 2575 305 2630 re,
329 2557 366 2620 de
389 2576 446 2638 qua
468 2557 644 2637 disputatur,
668 2558 734 2638 quis
757 2566 802 2620 est
825 2558 875 2636 qui
897 2558 981 2631 sciet,
1004 2557 1205 2637 quiunquam
1226 2557 1355 2620 exenti-
1403 2589 1406 2596 =

211 2675 340 2736 quorum
363 2657 480 2738 scriptis
503 2654 660 2720 didicerit?
703 2658 833 2739 profecto
858 2658 914 2720 nisi
936 2658 961 2719 is
986 2675 1078 2729 mous,
1112 2657 1160 2720 cui
1189 2675 1355 2738 pronomen

209 2765 307 2818 eodm
327 2755 500 2818 adiunctum
529 2765 585 2830 est,
617 2756 680 2818 aliis
703 2757 855 2820 montibus
889 2757 1024 2820 flammas
1058 2757 1270 2828 eructantibus,
1305 2757 1356 2836 qui

210 2853 293 2933 prius
316 2857 483 2926 enumerati
504 2863 583 2927 sunt,
606 2853 642 2915 ab
665 2861 785 2918 auctore
808 2855 963 2935 oppositus
986 2862 1031 2916 est
1059 2853 1139 2917 velut
1165 2873 1233 2916 cnm
1259 2854 1355 2934 ipsius

210 2969 337 3031 persona
359 2953 467 3033 aliquid
498 2953 596 3033 aliquo
630 2952 718 3014 modo
749 2954 922 3027 cohaerens,
957 2971 1116 3016 commune
1149 2953 1294 3016 iudicium
1326 2962 1357 3016 at

212 3051 309 3114 omnis
339 3051 488 3132 popularis
521 3050 714 3131 intelligentie
743 3050 854 3132 ubique
887 3070 903 3112 a
931 3051 1052 3114 veritate
1087 3051 1213 3116 aberrat.
1257 3071 1356 3134 neque

212 3168 280 3212 vero
304 3151 441 3231 denique,
463 3169 500 3212 ne
522 3149 618 3212 verbis
641 3151 677 3212 de
691 3169 726 3214 aa
741 3169 775 3213 re
789 3150 889 3213 nimiis
909 3151 1075 3214 dissertatio
1091 3151 1242 3215 abundare
1257 3152 1356 3215 videa·

211 3256 269 3323 tur,
291 3267 348 3312 nos
370 3249 515 3321 videmus,
536 3268 718 3330 ¹quamquam
742 3249 796 3312 viri
816 3250 857 3312 illi
880 3249 1044 3314 doctissimi
1065 3250 1150 3312 aliter
1164 3251 1354 3330 interpretari

211 3349 308 3412 conati
330 3358 408 3422 sunt,
431 3367 491 3429 qno
513 3356 599 3430 pacto
615 3368 650 3412 ex
663 3348 784 3430 ineptiis
799 3349 966 3418 evadamus,
990 3348 1047 3410 nisi
1062 3347 1169 3412 librum
1186 3349 1222 3410 ab
1237 3358 1356 3412 auctore

210 3446 323 3510 Romae
346 3447 390 3508 vel
412 3448 444 3509 in
466 3447 521 3510 alia
550 3448 647 3529 aliqua
674 3447 774 3512 ltaliae
803 3454 887 3526 parte
920 3455 1055 3509 versante
1088 3450 1254 3527 perfectum
1289 3465 1356 3510 esse

211 3547 436 3610 constituamus.

296 3645 347 3708 sed
369 3644 535 3708 accuratius
558 3663 591 3708 ea
614 3644 695 3724 regio
718 3645 774 3708 alio
797 3644 860 3708 loco
884 3644 1027 3708 destinari
1049 3652 1155 3724 potest,
1179 3646 1230 3725 qui
1251 3645 1357 3724 legitur

211 3742 451 3824 cp.3b,19sq.
480 3743 537 3806 ita:
565 3754 592 3806 et
617 3748 691 3808 sestis
719 3748 780 3808 eius
807 3747 991 3824 mupistrutus
1017 3743 1191 3817 tribunatio,
1212 3746 1357 3825 prompto

210 3843 313 3907 milites
333 3843 567 3924 frequentabam,
589 3842 935 3923 cooperatores-iudiciis
954 3842 1165 3923 praesidebunt,
1192 3843 1357 3907 mmmmm

211 3952 238 4002 et
258 3943 361 4022 quibus
381 3946 427 4004 sios
455 3953 496 4004 est
524 3940 657 4004 dicendae
682 3946 835 4006 sectantes
858 3943 896 4004 ud
924 3958 1083 4004 cmummm
1105 3941 1254 4021 pebitcseu
1279 3960 1356 4004 com·

210 4040 344 4104 mendum
365 4051 392 4104 et
413 4042 489 4104 ubios
509 4039 548 4102 od
569 4038 762 4102 Minuciam
783 4043 993 4120 frumentatum
1013 4042 1092 4102 esset
1112 4050 1138 4102 et
1153 4040 1217 4104 aldo
1234 4040 1357 4104 iniudi-

210 4142 260 4201 cis‘s
282 4140 341 4202 dies
362 4141 477 4204 dicitur.
519 4139 545 4201 is
569 4156 637 4200 vero
661 4149 798 4220 sumptus
826 4148 871 4202 est
899 4159 935 4202 es
957 4138 1214 4202 Pseudaristotolis
1241 4158 1270 4218 p.
1293 4140 1355 4201 400

208 4239 230 4300 b
256 4240 350 4318 resq.
384 4233 588 4322 ἐφεπόμενοι
621 4236 684 4318 γὰρ
713 4232 801 4322 αὐτῷ
830 4236 931 4321 δῆλον
962 4233 1014 4302 ὅτι
1046 4235 1175 4309 ἐξίασιν
1205 4233 1356 4319 ἄρχοντες

211 4335 272 4419 pdv
294 4333 352 4398 snt
374 4335 417 4400 τὰ
437 4332 562 4420 ἀρχεῖα,
585 4338 798 4418 θεσμοθέται
821 4335 859 4400 dt
882 4337 929 4409 εἷς
950 4336 992 4398 τὰ
1014 4335 1120 4400 oiseie
1147 4333 1355 4420 δικαστήρια,

211 4433 388 4518 βουλευταὶ
410 4433 448 4498 dd
470 4435 526 4498 soi
544 4433 782 4518 ’ἐκκλησιασταὶ
815 4435 863 4510 εἰς
885 4430 1041 4518 συνέδρια
1066 4435 1108 4498 soi
1136 4427 1355 4519 προσήκοντα.
