3324 5238
776 387 996 454 -90..

317 567 379 632 lore
400 587 455 648 pro
478 567 577 636 dione,
599 581 701 628 cocere
723 581 777 644 pro
800 568 951 628 sommare
974 565 1177 628 collocaretur.
1222 585 1298 646 quoe
1325 585 1392 628 cunr
1422 569 1462 630 ita

316 667 388 736 sint,
418 663 535 728 dicendi
558 681 676 744 quoque
699 680 794 742 genus
817 663 961 744 discipulo
988 665 1147 727 convenire
1174 664 1367 727 adfirmamus
1396 666 1464 728 licet

316 765 346 826 in
370 762 578 844 grammaticae
600 761 721 824 Latinae
742 760 849 825 studiis
878 762 1065 842 aliquantum
1087 763 1145 824 ianr
1169 771 1295 835 versato,
1324 764 1377 843 qui
1398 783 1461 826 rna-

316 861 399 942 gistri
422 862 504 924 iussu
520 861 665 923 Gmecunt
680 859 789 922 librum
811 860 841 922 in
857 879 945 924 suurn
962 877 1131 922 sermonem
1147 879 1202 922 suo
1217 859 1340 924 arbitrio
1364 871 1463 924 nans·

316 957 416 1021 tulerit
439 958 590 1022 nonnullis
613 956 759 1037 capitibus
780 958 899 1022 aliunde
921 959 1065 1038 excerptis
1087 967 1177 1038 atque
1198 959 1320 1022 insertis
1342 961 1374 1022 in
1397 979 1463 1022 me·
1598 967 1601 971 '

316 1057 397 1120 cllum
422 1056 562 1120 libellum.

401 1155 452 1218 sed
476 1155 547 1236 quid
571 1154 670 1235 plural
699 1155 861 1236 ipsorum
886 1155 1057 1218 codicum
1081 1156 1195 1225 ratic,
1216 1156 1249 1218 in
1265 1155 1373 1236 quibus
1389 1155 1465 1220 liber

316 1255 353 1316 de
376 1254 488 1316 mundo
511 1253 675 1316 memoriae
697 1263 818 1318 nostrae
839 1253 966 1316 traditos
989 1263 1045 1327 est,
1078 1271 1154 1316 rem
1182 1254 1232 1314 ita
1260 1273 1298 1315 se
1326 1253 1464 1316 habere

315 1355 570 1430 demonstrat,
600 1360 633 1414 nt
656 1371 710 1414 nos
732 1353 788 1416 hac
810 1351 1019 1415 dissertatione
1046 1352 1194 1414 illustrare
1220 1353 1319 1414 conati
1348 1371 1464 1414 eumue.

316 1453 347 1515 in
370 1452 453 1514 nullo
475 1449 554 1514 eninr
578 1469 691 1524 eorum,
725 1452 776 1532 qui
806 1451 927 1532 plurimi
952 1450 1129 1514 aestimandi
1159 1459 1239 1522 sunt,
1273 1458 1356 1512 totus
1386 1450 1464 1512 liber

316 1558 450 1614 servatus
474 1556 528 1622 est,
552 1567 584 1612 ea
607 1549 709 1631 capita.
738 1567 814 1630 (puae
840 1549 946 1612 tradita
972 1555 1053 1623 sunt,
1082 1556 1234 1628 postremo
1260 1549 1325 1610 loco
1354 1565 1464 1610 manu-

317 1648 419 1728 scripti
443 1657 559 1712 exusta
582 1657 661 1712 sunt.
707 1666 741 1710 ac
762 1646 870 1708 librum
894 1647 1015 1727 quidem
1037 1655 1133 1708 toturn
1156 1647 1281 1724 legimus
1300 1648 1332 1709 in
1348 1646 1465 1710 duobus

317 1745 496 1809 Florentinis
518 1755 606 1826 atque
627 1746 659 1806 in
682 1745 818 1808 Parisino
841 1743 934 1818 6634,
964 1746 995 1806 in
1018 1746 1075 1806 hoc
1096 1752 1197 1819 annm
1219 1745 1354 1808 Parisino
1377 1755 1465 1824 atque

316 1843 488 1906 Florentino
512 1843 575 1906 nst
597 1850 750 1924 postremo
773 1844 837 1906 lccc
866 1844 980 1924 positus
1009 1852 1064 1904 cst.
1109 1843 1140 1904 in
1169 1842 1369 1906 horontiano
1398 1843 1464 1923 qui·

316 1943 383 2005 dem
406 1943 480 2023 plut.
504 1941 618 2004 LllllVl
642 1942 705 2004 cod.
728 1941 770 2004 36
792 1942 823 2004 in
847 1943 943 2004 medic
967 1943 1126 2005 collocatus
1149 1951 1202 2015 est,
1225 1943 1277 2004 sed
1299 1943 1331 2003 in
1347 1961 1383 2004 eo
1405 1961 1465 2004 non

316 2042 412 2104 solnm
445 2042 534 2103 unius
564 2042 667 2122 Apulei
694 2042 823 2104 auctoris
858 2059 948 2121 opera
976 2041 1082 2104 tradita
1112 2052 1197 2112 sunt,
1238 2059 1341 2102 vorum
1376 2040 1465 2103 mam

316 2149 433 2219 praeter
461 2140 628 2220 Asclepium
662 2141 789 2202 Senecae
818 2139 884 2202 libri
913 2139 950 2201 de
977 2139 1127 2202 beneficiis
1160 2148 1190 2201 et
1222 2139 1258 2200 de
1292 2138 1467 2214 clementio3

317 2237 401 2300 cuins
428 2237 555 2301 scribam
583 2255 707 2318 prorsus
739 2237 929 2318 neglegenter
962 2239 1116 2318 proposito
1144 2238 1261 2300 muneri
1288 2237 1466 2300 satisfecisse

316 2335 501 2400 Goldbacher
524 2337 662 2399 eticonis
685 2337 759 2416 prol.
783 2355 810 2417 p.
835 2337 897 2399 Vlll
922 2345 1031 2400 narrat.
1077 2335 1181 2398 eadem
1210 2336 1341 2416 denique
1363 2335 1464 2398 condi-

317 2434 361 2496 cio
384 2453 418 2494 er
441 2433 643 2498 Laurentiano
666 2434 752 2508 billi,
777 2434 817 2496 12
840 2435 1059 2516 perspiritum),
1094 2435 1145 2496 ubi
1175 2433 1361 2514 pbilosophis
1395 2453 1467 2514 ope·

317 2533 399 2596 ribos
417 2533 697 2615 metamorphoseon
714 2532 781 2594 libri
803 2533 932 2596 adiuncti
955 2541 1037 2596 sunt.
1081 2534 1180 2613 itaqtse
1195 2551 1263 2595 cum
1279 2533 1311 2594 in
1326 2532 1466 2594 omnibus

317 2630 478 2696 codicibus.
501 2630 610 2710 qulbus
625 2630 715 2692 solius
727 2631 832 2711 Apulei
848 2629 885 2694 de
899 2631 1086 2713 philosophia
1101 2632 1241 2712 opuscula
1257 2640 1370 2692 servata
1385 2639 1465 2700 sont,

317 2728 391 2792 liber
407 2729 578 2800 demando,
596 2727 645 2790 obi
659 2735 764 2802 exstet,
779 2739 969 2810 postremo
986 2730 1067 2792 loco
1083 2739 1218 2792 exaratus
1232 2730 1280 2803 sit,
1303 2747 1358 2791 nos
1369 2727 1463 2804 colligi

317 2843 406 2907 posse
428 2835 568 2906 putamus
584 2836 672 2906 atque
689 2826 831 2890 constitui
852 2827 883 2888 in
905 2845 943 2889 ac
961 2827 1070 2898 codice,
1093 2845 1184 2908 quem
1206 2827 1354 2906 originem
1375 2826 1467 2888 luisse

317 2933 436 2988 constat
469 2925 621 2998 omnium,
664 2925 716 3006 qni
749 2925 852 3005 Apulei
885 2926 1079 3007 philosophos
1110 2925 1201 2988 libros
1235 2927 1466 3006 complectentes

316 3025 412 3088 adbuc
431 3020 680 3104 innotuerunss),
714 3025 863 3088 adiectum
898 3043 967 3088 eom
996 3026 1117 3088 demum
1140 3043 1206 3087 esse
1236 3023 1467 3104 agrammatico

317 3121 491 3185 recentioris
514 3123 618 3185 aetatis
641 3130 731 3202 atquo
752 3124 1159 3202 praeeminentissimum,
1182 3123 1232 3202 qni
1255 3122 1375 3202 quidem
1397 3139 1466 3184 cum

317 3219 420 3300 Apulei
444 3237 531 3300 opera
555 3220 593 3282 sle
615 3220 800 3300 philosophia
824 3220 1093 3294 admiscuerat,
1122 3221 1187 3282 eius
1209 3221 1336 3298 gannim
1358 3220 1466 3300 scripta

316 3318 373 3381 lrcc
393 3319 497 3400 spurio
520 3318 609 3382 auxit.
654 3317 731 3381 adde
764 3329 881 3400 praeter
903 3319 1136 3382 laurentianum
1159 3319 1290 3384 codicem
1322 3319 1352 3379 in
1379 3318 1467 3380 initio

316 3416 384 3480 libri
407 3417 512 3498 Apulei
534 3435 646 3480 nornen
668 3435 684 3480 a
706 3417 910 3482 recentissima
940 3420 1061 3481 demum
1098 3435 1189 3480 manu
1222 3417 1354 3480 additum
1389 3435 1466 3486 esse,

317 3515 373 3578 sub
396 3515 486 3578 linem
502 3533 570 3578 vero
597 3515 629 3577 in
663 3515 746 3580 nullo
779 3516 881 3578 codice
913 3517 979 3596 legi.
1023 3533 1088 3576 eam
1123 3533 1193 3578 vero
1225 3516 1371 3578 rationem
1405 3533 1467 3576 non

317 3613 388 3676 levis
410 3615 557 3677 momenti
579 3632 644 3676 esse
672 3614 797 3678 aliorum
825 3615 960 3678 ecdicum
994 3615 1129 3696 exemplo
1162 3612 1314 3694 probatur.
1358 3621 1465 3675 notosn

319 3711 399 3775 enirn
430 3719 476 3774 est
509 3711 540 3774 in
578 3713 715 3776 l'atioano
748 3714 919 3794 eclogarum
952 3732 987 3775 er
1021 3713 1161 3777 Sallustio
1195 3711 1296 3775 codice
1328 3711 1468 3791 genuinis

317 3811 502 3874 orationibus
526 3811 699 3876 subditioias
721 3823 874 3894 postremo
895 3814 961 3876 loco
984 3814 1110 3876 adiectas
1133 3829 1211 3882 esse,
1234 3811 1343 3874 Leonis
1364 3820 1467 3874 autern

318 3927 412 3990 papae
426 3927 581 3974 sermones
603 3913 673 3975 item
697 3913 778 3975 loisis
801 3913 967 3975 commotos
995 3932 1075 3986 esse,
1109 3929 1186 3992 quoe
1219 3919 1349 3972 extrem
1384 3919 1468 3990 parte

320 4025 390 4070 mss.
412 4017 528 4072 exemto
551 4009 754 4073 inveniuntur.
798 4019 889 4091 atque
921 4011 986 4091 ipsa
1019 4029 1086 4074 cum
1110 4008 1280 4072 lleinricbio
1310 4010 1468 4072 consentio

319 4105 440 4169 satiram
463 4113 578 4170 emtam
601 4107 746 4170 dammam
770 4107 806 4170 ab
831 4109 968 4172 iuvenale
990 4108 1214 4172 abiudicsntlam
1243 4125 1319 4170 cese.
1364 4117 1469 4168 conam

387 4337 409 4400 1)
427 4335 492 4388 conl.
513 4333 631 4402 lirneger
649 4333 816 4402 praelationis
834 4337 864 4388 ati
883 4339 982 4406 apolog.
1003 4355 1025 4404 p.
1045 4337 1099 4388 xtt.

387 4418 409 4484 Ι)
426 4415 491 4470 conl.
511 4417 673 4472 Goldbaelter
691 4417 812 4472 coitionis
831 4435 853 4486 p.
872 4419 903 4472 V.
