3324 5238
630 397 853 461 „25-

167 587 321 658 peccatum
354 577 549 651 admittimus,
581 577 749 638 nescientes
777 586 806 639 et
834 577 918 658 quasi
946 575 1029 637 iuviti
1058 573 1198 651 llagitium
1226 590 1309 634 com-

169 677 325 749 mittimus,
355 677 407 738 sed
435 695 653 756 quamquam
684 675 721 738 ab
749 675 988 757 imprudentibus
1022 691 1110 734 omne
1144 670 1239 732 scelus
1268 670 1311 743 tit,

169 785 271 838 tamen
304 777 411 838 melius
443 785 488 838 est
522 775 629 838 iniuria
657 775 693 836 ab
721 776 784 838 aliis
818 776 902 837 adfici
936 792 1024 854 quam
1058 772 1154 852 ipsum
1188 771 1311 830 interro.

170 875 267 957 itaque
290 876 393 948 autin
415 875 521 937 idcirco
553 874 749 954 corruptelam
779 876 872 936 latere
902 881 975 953 puto
1005 878 1056 932 aut
1075 877 1152 949 'post
1178 871 1315 930 sustiueri

169 975 280 1054 aliquot
296 975 383 1035 verba
399 973 595 1046 intercidisse,
617 973 727 1052 quibus
743 972 955 1034 enuntiationis
970 970 1103 1048 singulae
1118 975 1217 1047 partes
1233 972 1312 1027 recte

171 1082 407 1135 concuterentur.

169 1171 175 1230 i
254 1172 340 1232 etiam
372 1187 623 1250 supervacaneum
657 1168 689 1230 in
720 1168 1011 1250 metamorplrosibus
1048 1163 1177 1245 exceptis
1210 1163 1313 1243 paucis

169 1272 241 1333 loeis
269 1289 388 1332 rursum
419 1269 481 1332 sive
509 1287 613 1330 rursus
641 1287 708 1330 cum
738 1269 835 1330 verbis
862 1289 877 1330 a
908 1287 963 1330 re·
986 1265 1196 1346 incipientibus
1231 1281 1313 1323 eom-

170 1373 315 1451 positum:
349 1371 377 1442 1,
405 1371 435 1442 1,
463 1372 481 1430 5
514 1369 649 1449 696166.
670 1413 704 1428 ..
739 1372 771 1428 iu
809 1386 837 1430 se
869 1385 989 1428 rursum
1023 1375 1121 1426 mutuo
1154 1381 1234 1424 nemu
1266 1378 1315 1422 re·

169 1471 273 1549 sectam
299 1468 346 1540 lll,
373 1467 479 1542 1213
503 1470 552 1546 qui
573 1466 687 1527 demum
709 1485 828 1528 rursum
848 1470 1030 1538 reverterim3
1060 1463 1109 1535 23,
1128 1464 1168 1522 20
1195 1479 1316 1522 rursum

171 1571 264 1630 erutis
292 1565 423 1647 pinnulis
450 1565 507 1626 illis
541 1565 579 1626 ad
610 1584 704 1628 meum
731 1565 830 1627 redibo
853 1565 985 1638 ducrum
1017 1563 1067 1634 23,
1085 1563 1125 1624 23
1153 1578 1257 1622 rursus
1285 1563 1316 1619 iu

169 1668 257 1746 sacres
288 1666 436 1726 bomireum
467 1665 536 1726 tales
568 1665 677 1745 fipurm
706 1667 886 1744 reformare;
920 1664 970 1734 Ill,
1003 1660 1066 1734 3‚8
1100 1679 1144 1722 ute
1172 1668 1316 1720 retrursus

170 1765 256 1828 celeri
285 1764 381 1843 produ
413 1781 532 1826 rursum
564 1763 806 1826 instabulum..
831 1765 952 1842 recr'pim
987 1760 1045 1834 18,
1070 1759 1109 1820 26
1143 1774 1317 1836 rursumque

172 1867 276 1926 caueae
300 1864 396 1944 produ
410 1874 603 1936 recurrentem
630 1865 662 1934 V,
689 1864 736 1936 lb,
763 1863 777 1922 1
802 1880 922 1924 rursum
944 1880 991 1922 ees
1004 1905 1032 1922 ..
1055 1869 1169 1920 neruoso
1190 1855 1317 1918 aedicula

172 1963 306 2035 reddidit;
338 1962 385 2035 Vl,
411 1961 459 2035 19,
488 1964 507 2022 4
534 1980 638 2024 rursus
670 1979 819 2035 remeam;
854 1959 944 2031 2t,6
976 1977 1113 2020 somne..
1135 1974 1255 2018 rursum
1286 1956 1318 2014 iu

172 2065 324 2140 pristinum
353 2060 472 2140 ppaidis
505 2060 596 2122 sedem
630 2059 785 2131 recentiam
816 2058 930 2129 25,12
957 2058 1054 2120 multis
1087 2067 1201 2117 onustos
1233 2053 1317 2114 rebus

172 2178 328 2221 rursum..
353 2159 506 2231 reducuut;
544 2158 602 2234 Vll,
629 2159 735 2230 11,10
768 2177 827 2219 nou
848 2177 952 2220 rueram
973 2173 1105 2218 recurres
1128 2153 1165 2214 ad
1187 2156 1316 2224 asinum·

172 2258 202 2331 9,
225 2258 265 2318 22
288 2259 371 2320 liceat
392 2275 513 2318 rursum
534 2258 571 2319 ed
594 2261 707 2319 usinum
729 2258 838 2330 redire,
865 2257 911 2328 17,
931 2257 965 2316 11
983 2273 1086 2318 rursus
1107 2253 1230 2314 molares
1252 2251 1317 2312 illos

171 2360 303 2420 circuitus
317 2357 512 2436 requirebatur
534 2355 583 2425 ΙΧ,
607 2356 692 2427 tus
715 2374 832 2418 rursum
854 2375 882 2417 se
904 2354 1028 2419 reddidit
1049 2355 1148 2433 quieti3
1170 2350 1205 2423 X,
1230 2349 1317 2420 2,18

172 2474 290 2518 rursum
322 2458 537 2516 matrimonium
569 2455 624 2516 sibi
641 2464 843 2534 reparaturum
880 2454 928 2528 10,
951 2454 970 2513 5
993 2452 1181 2514 recalescente
1200 2467 1318 2523 rursum

106 2542 114 2560 ’
175 2554 225 2624 33,
251 2557 264 2614 1
293 2571 411 2625 rursus,
446 2552 523 2616 uude
556 2553 673 2624 decessi,
706 2564 838 2615 revertar
865 2554 903 2616 ad
932 2552 1081 2632 sedulam3
1114 2550 1162 2621 Xt,
1194 2549 1242 2618 19,
1267 2547 1318 2621 1ος

174 2655 224 2725 21,
250 2652 303 2727 1.7;
327 2651 377 2726 23,
401 2652 441 2713 21
463 2669 636 2733 rursumque
662 2652 699 2712 ed
727 2652 864 2732 templum
896 2652 1053 2712 reductam.
1098 2657 1185 2730 atque
1215 2665 1318 2709 emen-

174 2753 303 2814 dandum
328 2757 373 2812 est
395 2750 468 2822 lllll,
493 2750 542 2824 24,
568 2751 606 2810 tr
628 2751 1126 2830 1061611666666666661661166..
1149 2765 1267 2808 rursum
1288 2749 1320 2807 iu

173 2872 217 2914 me
240 2868 335 2912 caecos
357 2849 481 2910 detorsit
504 2847 606 2920 oculos,
642 2866 711 2910 nam
739 2851 903 2930 detorquere
931 2847 1082 2909 avertendi
1114 2852 1230 2907 tantum
1260 2845 1318 2906 vim

175 2953 271 3022 babet,
295 2965 448 3030 nunquam
471 2947 654 3008 advertendi.
699 2966 787 3028 quam
819 2948 856 3008 cb
884 2965 948 3008 rem
972 2946 1038 3025 quia
1068 2943 1208 3024 Apuleius
1238 2944 1319 3006 eius-

176 3052 256 3114 modi
279 3049 538 3112 coniunctionibus
561 3049 700 3124 abundat,
723 3049 896 3130 praesertim
921 3068 988 3111 cum
1005 3060 1168 3128 retorquere
1191 3045 1318 3124 oculos¹l

176 3149 320 3210 traditum
333 3148 372 3207 sit
394 3147 424 3207 in
440 3147 589 3210 Ciceronis
606 3149 667 3209 Cat.
683 3149 718 3222 ll,
745 3151 772 3222 1,
788 3148 807 3208 2
832 3158 861 3211 et
878 3147 963 3209 Ovidi
980 3157 1050 3209 met.
1077 3148 1125 3220 10,
1142 3147 1213 3220 696,
1235 3148 1320 3228 equi-

179 3247 245 3308 dem
269 3246 318 3307 illo
341 3247 404 3307 loco
431 3266 548 3310 rursum
571 3293 602 3308 ..
625 3254 740 3310 retorsit
767 3250 862 3310 oculos
890 3266 994 3310 censeo
1023 3246 1214 3309 scribendum
1244 3265 1319 3307 esse.

178 3347 202 3407 is
232 3363 298 3406 vcro
331 3364 400 3407 usus
430 3366 611 3428 quamquam
638 3347 854 3427 antiquioribus
884 3346 1079 3426 scriptoribus
1108 3363 1171 3404 non
1197 3362 1320 3423 prorsus

179 3447 296 3524 ignotus
319 3451 373 3516 est,
397 3452 496 3507 tamen
521 3447 584 3508 eius
610 3447 700 3508 nimia
723 3446 891 3526 frequentia
907 3464 941 3506 ex
956 3445 1068 3522 vulgari
1083 3461 1220 3504 sermone
1237 3442 1321 3502 vide-

180 3549 229 3603 tur
252 3542 425 3622 deprompta
442 3545 550 3619 66661).
583 3545 689 3606 6611161
704 3563 774 3605 vero
790 3546 932 3606 memoria
951 3542 1207 3623 complectendum
1225 3550 1269 3602 est
1291 3541 1322 3600 in

179 3640 285 3703 ceteris
308 3642 412 3720 Apulei
436 3642 518 3704 libris
541 3645 618 3704 baud
642 3643 733 3704 semel
757 3642 928 3723 particulam
958 3642 1028 3702 item
1051 3647 1222 3718 usurpatam
1246 3657 1320 3699 esse.

179 3741 255 3820 apud
279 3739 462 3802 Frontonem
487 3759 565 3802 unus
595 3743 676 3804 locus
700 3741 803 3803 similis
834 3749 879 3802 est
901 3760 929 3821 p.
953 3737 1004 3811 88,
1032 3738 1068 3798 16
1090 3736 1163 3797 Nab.
1186 3757 1230 3798 me
1252 3754 1322 3796 rur-

179 3859 242 3901 sum
276 3844 359 3920 quasr'
389 3851 537 3902 reuocaret.
582 3841 728 3903 Arnobius
752 3860 822 3902 vcro
849 3847 903 3913 ter,
931 3839 956 3900 si
983 3845 1063 3899 recte
1091 3835 1323 3909 numeravimus,

179 3939 352 4018 particulam
368 3939 503 4002 similiter
519 3939 675 4002 coniunxit
689 3960 717 4020 p.
735 3941 764 4010 9,
781 3940 799 4001 9
823 3939 907 4000 Reitl.
929 3954 1033 3999 rursus
1047 3934 1192 4013 restaurem
1215 3933 1265 4005 90,
1285 3931 1322 3993 18

248 4127 270 4190 ¹)
288 4125 320 4176 el.
339 4127 495 4176 Burmannus
514 4124 545 4174 ad
565 4125 650 4190 Quint.
669 4125 733 4175 decl.
753 4126 805 4183 8,8
824 4122 868 4189 (=.-
882 4122 901 4174 ll
921 4123 1026 4190 [1174).
1063 4119 1321 4174 6661161161111666.

181 4208 199 4271 l,
219 4207 267 4258 120
285 4207 355 4258 discit
372 4211 395 4257 61
412 4207 566 4256 Hammonius
584 4207 668 4258 oeulos
689 4206 821 4272 detorquet
837 4205 872 4256 ed
887 4204 980 4256 undas.
1017 4203 1090 4255 avia.
1109 4209 1168 4254 met.
1187 4203 1212 4267 6,
1231 4201 1280 4252 515
1298 4205 1324 4252 et

181 4304 308 4354 nusquam
325 4287 456 4354 detorquet
474 4288 562 4340 lumen
580 4290 610 4338 ab
628 4289 682 4339 ille.

248 4371 270 4436 ²)
289 4368 320 4421 el.
339 4369 439 4434 Reisigi
455 4371 560 4422 scholae
580 4370 610 4421 ab
630 4370 722 4422 lleasio
742 4369 825 4421 editae
848 4384 872 4434 p.
886 4369 944 4419 803.
954 4367 1038 4418 adnot.
1057 4363 1250 4417 ltretsclrmnnn.
1269 4364 1287 4416 1.
1306 4365 1323 4415 Ι.

182 4469 204 4519 p.
223 4452 263 4504 30.
