3324 5238
800 403 1016 466 ..82-

336 585 519 664 disputatum
554 589 625 644 erat.
671 581 749 642 idem
785 598 853 644 vero
886 599 922 642 ne
949 581 1108 644 Catoniana
1143 580 1261 660 quidem
1294 581 1381 644 verba
1404 592 1485 645 reete

336 683 512 744 intellexisse
547 681 679 754 videtur,
710 680 820 760 quippe
854 697 930 758 quae
959 689 992 740 ut
1024 679 1162 742 Favorini
1196 681 1316 760 propria
1345 681 1484 761 proterat.

335 799 404 844 nam
433 780 457 842 si
485 779 629 859 scriptum
664 779 813 840 iuvenitur
847 797 890 858 cp.
919 779 965 850 tt,
983 779 1085 839 5-7
1114 776 1182 841 Cato
1215 789 1310 842 cadem
1338 785 1370 842 iu
1401 781 1488 844 libris

335 883 475 960 criptarum
506 895 564 940 aon
586 881 705 940 circium
737 877 787 940 sed
818 879 941 940 certiora
974 878 1048 940 dicat.
1092 881 1237 940 isocrates
1269 881 1386 950 cereus,
1418 897 1485 942 oum

336 978 608 1058 loquereturque
637 975 750 1056 implet,
786 977 1111 1051 chamaeleontem,
1141 977 1307 1057 plaustrum
1332 989 1486 1040 oneratum

331 1075 475 1158 percellit:
513 1076 579 1156 quis
613 1081 673 1145 est,
708 1075 755 1136 cui
783 1075 814 1135 in
844 1082 975 1137 montem
1009 1077 1105 1138 veniat
1137 1083 1285 1156 postrema
1323 1078 1409 1139 verba
1449 1097 1485 1140 ex

337 1176 448 1238 Calene
471 1176 536 1255 ipso
560 1175 737 1254 deprompta
762 1170 851 1235 esse?

421 1293 456 1334 ex
479 1273 571 1335 Gellio
595 1272 686 1352 igitur
708 1281 810 1334 auctor
833 1273 890 1348 ille,
914 1272 1052 1353 quisquis
1074 1280 1133 1346 est,
1162 1273 1257 1354 capita
1279 1273 1346 1335 lllll
1368 1284 1398 1336 et
1419 1274 1484 1337 lllV

336 1372 512 1452 desumpsit,
536 1373 627 1433 imme
647 1390 683 1433 ne
700 1372 854 1434 veritatem
877 1371 1024 1446 tollamus,
1047 1371 1163 1434 furatus
1187 1380 1243 1445 est,
1266 1373 1336 1453 quia
1359 1373 1423 1454 ipse
1446 1393 1485 1436 no

335 1490 395 1534 uuo
418 1471 539 1550 quidem
562 1469 653 1532 verbo
677 1487 745 1532 eum
769 1471 913 1542 nominat,
936 1471 987 1533 sed
1010 1489 1086 1551 quae
1101 1471 1265 1534 Favorinus
1280 1489 1338 1534 aaa
1352 1472 1485 1553 iqoobilic

334 1575 446 1649 sepiens
480 1569 516 1630 de
545 1569 640 1636 ventis
670 1570 827 1643 rettulerit,
859 1589 911 1630 sua
945 1570 1080 1634 oratione
1112 1589 1144 1632 se
1178 1571 1322 1651 explicare
1354 1571 1484 1635 simulat.

336 1668 441 1748 ecquid
464 1675 519 1745 est,
553 1668 632 1747 quod
666 1667 774 1729 rectius
800 1666 985 1728 meudaoium
1016 1667 1310 1748 impudentissimum
1344 1671 1484 1750 adpelles,

336 1768 415 1848 quod
439 1765 550 1827 factum
574 1763 688 1826 fraudis
711 1765 835 1827 nomine
852 1766 963 1830 maiore
978 1766 1044 1828 iure
1060 1774 1156 1838 notes,
1179 1767 1326 1846 siquidem
1342 1770 1484 1850 Apuleius

335 1865 443 1927 librum
466 1859 606 1943 scripsit?
630 1873 719 1942 atque
743 1882 831 1944 quam
856 1865 938 1926 tardo
954 1865 1073 1946 ingenio
1090 1865 1129 1939 id,
1152 1883 1239 1945 quam
1262 1865 1371 1941 hebeti,
1394 1887 1485 1948 quam

337 1965 441 2028 inscite
464 1964 501 2025 sit
524 1963 625 2024 fictum
650 1960 734 2024 vide!
758 1962 891 2042 prolecto
916 1964 1109 2028 stultissimus
1132 1965 1258 2045 quisque
1286 1983 1369 2044 puer,
1393 1985 1484 2047 quem

337 2063 476 2142 magister
499 2061 559 2123 suis
585 2061 679 2123 verbis
704 2062 826 2124 aliorum
851 2064 1014 2125 sententias
1037 2063 1203 2143 exprimere
1218 2064 1362 2138 iussisset,
1388 2067 1484 2128 multo

337 2161 442 2223 melius
466 2160 532 2231 tale,
557 2160 649 2221 multo
672 2159 796 2222 facetius
819 2161 915 2223 simile
938 2161 1089 2241 negotium
1106 2162 1302 2242 expedivisset
1323 2181 1412 2244 quam
1436 2165 1484 2228 ille

336 2261 473 2340 scriptor,
496 2259 544 2320 ille
568 2259 681 2332 doctus,
706 2260 754 2322 ille
777 2260 981 2340 philosophus.
1027 2269 1148 2322 atvero
1172 2277 1278 2324 vanum
1306 2270 1353 2324 est
1376 2283 1482 2344 magua

335 2357 494 2422 acerbitate
516 2357 547 2418 in
572 2358 719 2420 misellum
742 2360 833 2421 istum
857 2359 1007 2422 rhetorem
1030 2359 1131 2421 invehi
1154 2360 1196 2422 vel
1219 2360 1310 2422 animi
1337 2362 1400 2424 eius
1423 2365 1484 2424 im·

335 2456 509 2539 pudentiam
532 2457 683 2529 adlatrare,
708 2457 848 2536 quoniam
871 2456 944 2519 falso
967 2455 1166 2522 Madaurensis
1181 2477 1291 2520 nomen
1315 2460 1384 2522 huic
1405 2463 1482 2526 libro

336 2558 498 2637 praetixum
523 2573 590 2616 esse
618 2556 677 2617 iam
711 2557 836 2636 quisque
871 2556 1061 2619 concesserit.
1107 2575 1177 2619 nam
1209 2564 1289 2620 certe
1322 2559 1393 2622 lusit
1425 2562 1483 2625 iste

336 2656 435 2735 potius
461 2661 490 2716 et
512 2653 615 2733 inopte
636 2673 667 2715 se
701 2654 793 2733 gessit
826 2671 914 2735 quam
947 2655 1099 2718 falsarium
1132 2655 1200 2735 egit.
1244 2664 1334 2738 atque
1366 2660 1483 2727 monuit

336 2773 384 2814 me
409 2752 552 2814 llenricas
575 2753 722 2815 londanus
745 2753 816 2815 item
848 2754 963 2829 lusisse,
997 2754 1047 2834 qui
1082 2754 1168 2835 longe
1194 2755 1316 2818 ulterius
1350 2759 1483 2838 prodiret

336 2851 440 2914 efflatis
475 2858 609 2912 veterum
638 2853 788 2916 annalium
821 2853 1014 2925 testimoniis,
1048 2853 1168 2932 originis
1202 2853 1298 2933 gentis
1333 2855 1483 2920 Romanae

338 2964 490 3017 auctorem
500 2953 524 3030 1)
548 2952 743 3032 similiterque
763 2952 955 3014 iudicandum
977 2971 1044 3015 esse
1072 2953 1108 3014 de
1141 2961 1300 3034 personate
1325 2954 1482 3018 Plutarcho

336 3054 387 3134 qui
410 3053 531 3134 scripsit
553 3054 590 3115 de
613 3051 786 3113 fluminibus
796 3051 821 3128 ²)
846 3053 942 3132 deque
965 3051 1119 3131 Fulgentio
1142 3052 1375 3133 grammaticoi).

423 3152 474 3213 sed
498 3150 662 3214 accuratius
686 3149 774 3212 etiam
798 3151 1017 3230 quaestionem,
1052 3169 1140 3230 quam
1165 3167 1247 3212 nunc
1270 3152 1409 3216 molimur
1431 3173 1484 3216 ex-

334 3250 445 3333 pedire,
470 3251 682 3312 examinemus.
714 3250 745 3310 h.
763 3248 873 3311 Gellius
896 3249 951 3312 sub
966 3249 1117 3312 Antonino
1134 3249 1185 3311 Pio
1208 3260 1238 3311 et
1252 3251 1348 3314 Marco
1364 3253 1484 3316 Aurelio

334 3348 564 3429 imperatoribus
580 3348 681 3412 lloruit
692 3354 731 3420 et,
748 3365 816 3409 oum
832 3347 956 3412 Athenis
971 3355 1059 3427 atque
1075 3346 1186 3410 Romae
1201 3348 1294 3413 literis
1310 3351 1484 3426 studuisset,

337 3451 368 3511 in
393 3449 465 3511 urbe
487 3449 576 3511 iudex
599 3449 693 3512 laetus
728 3447 785 3509 iam
819 3458 956 3527 provecta
990 3451 1085 3509 aetate
1119 3466 1194 3528 opus
1228 3467 1315 3510 suum
1347 3449 1483 3512 absolvit.

336 3549 440 3612 eedem
461 3547 550 3628 igitur
565 3556 701 3627 tempore
716 3546 822 3612 studiis
838 3546 1046 3626 philosophicis
1062 3553 1092 3608 et
1104 3545 1307 3626 grammaticis
1321 3557 1483 3629 occupatus

335 3655 406 3721 erat,
430 3665 489 3726 quo
505 3646 645 3727 Apuleius
668 3663 722 3725 per,
736 3644 850 3706 hiriane
865 3645 954 3707 urbes
971 3643 1214 3724 peregrinabatur
1231 3655 1321 3726 atqua
1337 3648 1484 3711 orationi·

336 3747 390 3808 bus
413 3745 569 3825 populares
593 3744 725 3815 docebat,
755 3751 856 3823 postea
880 3741 1054 3823 Carthagine
1088 3755 1265 3825 perpetuum
1299 3746 1481 3810 domicilium

335 3843 449 3906 babens
472 3843 576 3904 ludum
599 3841 796 3914 rhetoricum,
821 3851 853 3904 ut
887 3842 1019 3912 videtur,
1052 3842 1285 3906 administrabat.
1329 3847 1483 3908 conlectae

335 3961 405 4004 vere
429 3948 499 4004 sunt
524 3948 627 4003 noctes
650 3940 761 4004 Atticae
784 3941 870 4022 paulo
894 3949 1055 4022 antequam
1079 3941 1189 4004 Gellius
1215 3943 1280 4023 ipse
1308 3961 1481 4024 supremum

336 4042 415 4104 diem
439 4041 544 4112 obiret,
567 4049 600 4101 ut
616 4059 651 4100 ex
666 4040 856 4121 praelationis
879 4040 954 4116 §22
977 4044 1114 4122 cognosci
1137 4048 1243 4123 potest.
1288 4050 1377 4122 atque
1398 4043 1483 4124 igno·

335 4159 436 4202 ramus
459 4139 590 4219 quidem,
614 4157 684 4200 itum
710 4137 850 4219 Apuleius
873 4158 910 4226 ea
929 4148 1024 4204 aetate
1047 4149 1200 4222 superstes
1222 4141 1321 4213 fuerit,
1345 4142 1395 4204 sed
1419 4151 1483 4204 esto

405 4293 424 4356 ¹)
444 4289 510 4342 conl.
529 4291 654 4343 iordanes
674 4291 781 4342 llernao
800 4292 851 4342 vol.
872 4290 902 4343 lll
921 4309 944 4359 p.
963 4293 1107 4345 aus-428.

405 4373 428 4436 ²)
446 4369 511 4422 oeni.
532 4370 560 4421 ll.
580 4371 703 4422 llerclxeri
721 4371 843 4423 editionis
861 4388 884 4438 p.
904 4373 944 4423 20.
964 4375 1004 4425 tt.

405 4452 427 4514 8)
445 4450 476 4502 cl.
496 4451 603 4503 Zinlius
621 4454 639 4503 l.
657 4453 675 4504 l.
695 4470 718 4519 p.
738 4453 770 4503 75
782 4469 818 4518 sq.
837 4454 955 4522 supra'p.
976 4454 1016 4505 tt.
