3324 5238
662 375 880 440 ..23-

199 556 271 624 lum,
295 554 372 634 quod
405 553 525 616 anullo
555 553 612 614 alio
635 553 725 616 verbo
756 553 813 614 nisi
834 557 963 614 incoram
990 554 1119 632 pendere
1147 561 1256 634 potest,
1290 575 1343 634 per

196 654 340 732 publicam
367 672 382 714 a
405 652 626 731 praepositione
655 659 715 712 tam
747 652 907 714 disclusum
935 659 991 724 est,
1020 660 1053 713 ut
1080 651 1186 714 similia
1215 655 1342 718 sortasse

198 752 275 830 apud
313 750 493 823 bruchium,
530 767 677 830 nusquam
714 758 794 812 certe
827 751 903 829 apud
944 749 1100 830 Apuleium
1140 752 1340 816 inveniuntur.

194 851 340 930 publicam
361 849 451 929 igitur
474 857 506 912 ut
528 850 623 928 glossa
647 849 807 912 delendum
831 856 878 910 est
900 856 930 910 et
952 853 1081 912 incoram
1093 851 1195 931 populi
1207 852 1341 914 scriben-

198 950 279 1010 dum.
325 967 400 1028 quae
423 967 491 1010 cum
514 948 553 1010 ita
577 947 646 1018 sint,
669 948 736 1027 quia
758 947 789 1008 in
813 953 932 1009 metam.
955 967 1052 1010 coram
1067 968 1187 1028 semper
1202 951 1341 1024 adverbii,

199 1047 425 1128 praepositionis
448 1056 547 1126 partes
569 1051 698 1108 incoram
713 1045 780 1123 egit,
804 1046 1009 1108 emendandus
1030 1047 1101 1108 mihi
1122 1047 1209 1110 etiam
1226 1049 1342 1110 videtur

198 1149 278 1208 locus
293 1146 343 1217 IX,
366 1147 416 1217 42,
436 1145 474 1205 lb
495 1163 602 1206 nausa
619 1145 856 1206 commilitonibus
872 1164 940 1206 casu
961 1147 1084 1224 fortrvita
1099 1147 1258 1210 conlimatis
1273 1166 1341 1209 oca-

196 1247 230 1307 lir
242 1247 279 1308 ad
295 1247 429 1308 umbram
445 1263 537 1306 meam
550 1253 663 1306 evinctos
676 1253 795 1306 testatur
808 1247 937 1304 incoram
953 1251 983 1304 et
998 1244 1217 1306 restituendum
1234 1264 1338 1310 coram

196 1362 295 1424 neque
318 1345 397 1406 enim
420 1344 574 1405 insuetum
599 1349 662 1404 crat
683 1359 762 1402 raras
778 1360 872 1414 voces,
896 1361 970 1423 quae
986 1343 1102 1422 saepius
1117 1344 1196 1423 apud
1212 1346 1340 1408 eundem

195 1443 370 1522 scriptorem
398 1443 491 1502 lectae
520 1448 612 1514 erant,
646 1441 676 1502 in
711 1441 873 1519 vulgarium
909 1441 1006 1502 locum
1040 1441 1113 1502 falso
1147 1443 1339 1506 substituere.

195 1541 388 1602 Forcellinius
412 1559 480 1602 vero
502 1560 518 1602 a
542 1541 605 1602 solo
628 1540 751 1620 Apuleio
775 1538 948 1618 particulam
978 1549 1150 1619 usurpatam
1178 1560 1243 1602 esse
1266 1561 1337 1603 con·

195 1640 295 1700 fitetm
318 1647 347 1701 et
370 1638 499 1718 quidem,
531 1639 611 1719 quod
636 1638 762 1709 mireris,
790 1639 854 1700 loco
883 1637 1022 1709 adverbii,
1051 1638 1132 1717 quod
1162 1649 1339 1720 sequeretur

195 1739 358 1817 genetivus.
404 1738 455 1798 sed
478 1737 647 1798 Rbnschius
669 1737 687 1796 l.
712 1738 730 1796 l.
753 1756 782 1816 p.
807 1736 868 1798 235
892 1736 981 1798 alium
997 1735 1095 1798 locum
1118 1757 1152 1797 ex
1169 1738 1338 1818 Symmachi

195 1857 241 1916 ep.
266 1838 350 1910 10,7
373 1836 487 1916 profert
509 1837 647 1916 quomodo
669 1838 744 1896 enim
763 1838 949 1914 praeceperas,
978 1835 1054 1914 qnod
1082 1839 1211 1898 incoram
1229 1842 1339 1917 positus

195 1933 384 2014 improbasti?
439 1952 498 2013 quo
532 1934 651 2013 quidem
687 1933 859 1994 adverbium
892 1933 1024 2013 positum
1059 1941 1112 1994 cst:
1158 1954 1336 2015 quamquam

195 2040 292 2095 autem
315 2036 443 2096 incoram
476 2040 544 2094 ante
572 2032 728 2111 Apuleium
762 2049 777 2092 a
810 2031 890 2092 nullo
917 2031 974 2092 alio
1007 2031 1151 2092 traditum
1183 2032 1337 2107 habemus,

195 2140 297 2210 postea
326 2150 387 2194 uno
409 2132 485 2206 loco,
513 2142 615 2194 tamen
643 2131 814 2210 particulam
843 2129 1034 2190 iudicandum
1064 2139 1108 2190 est
1130 2148 1192 2192 non
1214 2133 1249 2192 eh
1272 2134 1336 2213 ipso

194 2239 313 2292 auctore
334 2231 484 2294 inventam
509 2249 585 2301 esse,
607 2229 659 2290 sed
682 2248 718 2290 ex
739 2227 817 2308 vulgi
840 2227 988 2288 cotidiano
1019 2247 1157 2290 sermone
1184 2231 1335 2294 adiectam.

191 2328 224 2389 in
248 2329 458 2409 philosophicis
481 2339 511 2390 et
532 2328 688 2390 rhetoricis
711 2327 792 2388 libris
816 2345 913 2388 caram
940 2336 969 2388 et
991 2346 1044 2406 pro
1068 2328 1207 2391 adverbio
1230 2341 1258 2392 et
1281 2351 1336 2411 pro

192 2429 419 2508 praepositione,
455 2427 533 2488 sicut
555 2427 655 2488 Cicero
691 2425 819 2487 scribere
849 2427 954 2488 solitus
984 2436 1039 2499 est,
1069 2427 1224 2506 reperitur.
1270 2431 1334 2492 lior.

193 2545 221 2606 p.
249 2526 332 2598 tna
362 2527 465 2589 ibidem
491 2530 522 2587 in
549 2526 608 2587 loco
637 2524 745 2595 celebri,
781 2542 886 2596 coram,
921 2525 981 2585 luce
1014 2524 1174 2586 charissima
1207 2529 1337 2591 accubuit

191 2641 342 2705 coramque
359 2623 544 2687 inminuisset
559 2627 698 2703 virginem
713 2668 745 2683 ..
769 2623 844 2702 apol.
869 2622 919 2696 44,
936 2623 974 2682 21
999 2642 1063 2684 eam
1086 2635 1180 2684 tamen
1200 2645 1249 2688 vos
1269 2645 1335 2690 car-

190 2724 315 2785 minibus
336 2727 404 2784 mcis
426 2725 593 2785 subversum
616 2722 736 2790 dicistis,
759 2722 833 2802 qumi
855 2723 932 2801 sorte
946 2739 991 2782 me
1005 2739 1103 2785 coram
1121 2724 1207 2784 semel
1222 2725 1335 2800 accidia·

192 2820 273 2892 96,2
297 2841 368 2902 quas
389 2821 460 2886 mibi
481 2830 532 2882 aut
553 2838 650 2882 coram
672 2831 723 2881 aut
738 2820 855 2899 dariique
870 2824 901 2882 in
917 2830 1080 2882 testamento
1097 2826 1335 2902 praetermissum

195 2920 264 2992 100,
281 2921 299 2980 5
320 2929 420 2998 postca
435 2921 619 2982 cmnumelias
634 2918 707 2980 deni
722 2935 833 2991 ccram;
859 2918 964 2979 dedeo
981 2919 1063 2978 Socr.
1090 2917 1137 2988 16,
1154 2919 1172 2980 3
1189 2938 1286 2982 caram
1302 2967 1308 2982 .
1326 2969 1333 2982 .

191 3019 271 3078 mala
293 3034 496 3078 averruncare.
542 3037 576 3076 ex
599 3016 729 3078 henchin
752 3033 846 3077 unum
862 3016 960 3078 locum
982 3017 1130 3096 exscripsi,
1154 3037 1213 3096 quo
1236 3037 1332 3082 coram

192 3114 363 3176 adverbium
386 3122 480 3174 exstat
501 3132 528 3193 p.
552 3114 623 3189 217,
641 3115 659 3176 6
683 3115 767 3176 Reid.
792 3131 890 3176 caram
911 3125 938 3176 et
959 3117 1114 3176 comminus
1135 3121 1271 3178 contueri.

277 3212 336 3273 iam
353 3231 422 3274 vero
436 3212 591 3292 particulae
606 3218 682 3277 enim
699 3223 768 3276 ante
783 3230 889 3274 omnes
904 3231 962 3274 una
979 3213 1131 3292 usurpatio
1148 3213 1242 3287 nohis,
1258 3235 1333 3296 quac

192 3319 382 3384 memoretur,
405 3311 494 3390 digna
517 3313 641 3376 videtur.
681 3331 747 3373 narr]
770 3313 802 3372 in
825 3319 895 3373 met.
912 3309 1051 3390 Apuleius
1067 3312 1247 3373 comicorum
1271 3314 1289 3374 i.
1306 3334 1332 3376 e.

191 3410 338 3486 vulgarem
362 3410 490 3489 linguam
518 3410 682 3486 imitatus1)
710 3414 785 3471 em'm
813 3409 1016 3472 coniunctioni
1050 3409 1124 3489 puali
1152 3409 1272 3484 addidit,
1306 3413 1332 3474 si

191 3507 325 3568 condicio
347 3510 500 3587 quaedam,
528 3509 565 3569 de
588 3528 645 3588 qua
668 3508 751 3587 prius
780 3508 969 3580 dictumest,
995 3507 1216 3587 insequentium
1245 3527 1333 3574 voca·

189 3605 329 3668 bulorum
356 3607 504 3668 sententia
534 3607 747 3680 declararetur,
781 3605 831 3667 uhi
860 3615 910 3667 aut
936 3606 1055 3668 relativa
1088 3624 1143 3667 vox
1177 3614 1228 3666 aut
1257 3612 1333 3670 enain

189 3703 335 3780 abnndat3
357 3723 412 3767 nos
436 3705 572 3767 similiter
594 3705 657 3768 weil
677 3704 802 3766 stivalicb
818 3704 1035 3782 coniungimus.
1079 3703 1127 3778 IX,
1154 3706 1202 3777 11,
1219 3705 1259 3768 25
1282 3707 1331 3768 cle-

187 3804 265 3882 fieus
286 3804 448 3876 haerebam,
471 3803 545 3884 qnod
566 3808 640 3865 enim
663 3805 749 3864 rebar
771 3813 802 3863 nt
816 3806 911 3863 mincis
933 3814 1031 3882 aptum
1048 3849 1053 3862 .
1070 3849 1077 3861 .
1094 3821 1138 3864 me
1161 3803 1198 3864 ad
1214 3850 1220 3863 .
1236 3850 1243 3865 .
1261 3803 1331 3866 leoi-

188 3919 265 3964 arem
288 3903 414 3966 laborem
436 3905 558 3984 legatum
581 3907 632 3975 iri;
661 3902 711 3976 25,
728 3902 768 3964 28
791 3903 864 3980 qnod
886 3905 960 3961 enim
971 3901 1124 3980 putarat&
1147 3902 1182 3962 ab
1208 3921 1241 3963 ea
1256 3921 1330 3984 pra-

187 4001 307 4079 sectum;
330 4001 366 4072 X,
389 4001 494 4073 23,11
520 4002 595 4080 qnod
617 4004 692 4062 enim
714 4003 830 4061 sarciam
849 4003 1062 4079 praeparationis
1091 4012 1241 4061 oneratam
1268 4022 1331 4063 eam

187 4097 375 4178 relinquebam
398 4099 447 4172 ΧΙ,
473 4099 521 4173 19,
539 4100 579 4160 26
601 4101 733 4178 religiosa
754 4099 912 4178 [arundine
941 4097 1123 4169 retardabar,
1152 4100 1227 4179 guad
1257 4103 1330 4162 enim

254 4329 275 4394 ¹)
293 4327 325 4380 cl.
345 4328 423 4378 Hand.
443 4330 459 4380 l.
479 4329 495 4379 l.
515 4328 544 4395 ll,
563 4329 621 4381 376.

254 4411 274 4473 ²)
294 4417 323 4460 ut
341 4411 486 4461 emendavit
504 4407 605 4462 Koziol.
624 4409 655 4461 ad
674 4410 757 4462 critic.
776 4415 802 4460 et
820 4409 953 4476 interpret.
972 4425 995 4476 p.
1017 4410 1054 4460 15.
1092 4409 1110 4460 l.
1131 4411 1147 4462 l.
1166 4428 1190 4478 p.
1205 4413 1261 4464 147.
