3316 5236
764 406 895 468 ...76
944 443 982 451 -

302 588 352 641 tur
374 579 496 643 Latinus
531 588 634 644 auctor
665 583 825 645 Vesuvium
857 583 921 646 aliis
949 584 1038 646 adicit
1070 586 1190 648 omissis
1219 586 1302 649 deoli
1333 588 1448 662 insulis,

302 697 379 758 quae
399 681 431 741 in
455 680 564 743 Graeco
587 680 670 742 fonte
693 690 772 745 sunt.
817 693 849 744 at
876 683 1010 746 Veeuvius
1037 689 1124 747 etiam
1144 697 1240 748 mater
1262 687 1347 748 solet:
1379 690 1449 770 quid

303 775 380 840 aliud
403 779 529 860 scriptor
551 781 597 842 his
619 779 716 842 verbis
739 782 893 844 confessus
917 792 963 845 est
985 802 1073 863 qnam
1090 783 1122 846 in
1137 784 1237 847 ltaliae
1252 793 1336 866 parte
1352 788 1449 868 aliqua
1516 797 1518 801 '

303 897 335 938 se
357 878 419 939 sive
442 885 547 941 natum
570 898 634 942 esse
655 880 716 942 sive
738 881 922 960 aliquantum
938 883 1080 962 temporis
1095 891 1160 944 tum
1178 883 1298 964 egisse?
1321 905 1355 948 ac
1369 896 1450 950 recte

305 975 344 1037 ita
368 975 504 1039 Stalrrius
532 979 550 1040 l.
574 977 592 1038 l.
622 997 649 1058 p.
677 977 736 1041 178
765 979 928 1060 disputavit
956 981 1113 1061 Apuleium
1134 983 1170 1044 de
1199 985 1312 1046 mundo
1339 986 1448 1048 librum

292 1068 419 1136 tuntum
443 1077 513 1138 dum
544 1077 656 1140 Romae
685 1087 851 1141 moraretur
875 1080 1024 1167 conticere
1051 1083 1193 1162 potuisse,
1223 1083 1349 1146 eandem
1377 1105 1448 1148 sen-

302 1175 427 1237 tentiam
450 1175 677 1239 llildehrandius
707 1196 766 1240 uno
797 1196 876 1240 anno
908 1188 975 1259 post
1003 1198 1108 1242 rursus
1136 1177 1258 1260 protulit
1285 1183 1317 1244 in
1341 1185 1450 1248 disser-

302 1272 415 1334 tatione
440 1273 607 1352 'inaugurali
639 1278 675 1352 (a.
703 1274 806 1353 1835),
835 1296 924 1357 quarn
951 1278 1102 1360 inscripsit
1124 1281 1158 1342 de
1187 1279 1306 1360 Apulejr'
1335 1287 1396 1346 vitu
1423 1295 1450 1348 et

302 1374 421 1452 scriptis,
445 1372 496 1434 ubi
518 1393 545 1453 p.
569 1373 609 1434 22
631 1375 795 1454 prudenter
809 1375 918 1438 iudicat
933 1377 1045 1440 Romae
1068 1377 1104 1440 ab
1120 1377 1244 1458 Apuleio
1259 1380 1368 1444 librum
1384 1403 1450 1445 esse

303 1471 510 1552 compositum,
544 1489 612 1534 curn
638 1470 773 1535 Vesuvius
802 1485 898 1537 noster
931 1476 967 1539 ab
996 1477 1119 1538 homine
1153 1485 1270 1540 tautum
1305 1488 1355 1542 aut
1382 1481 1447 1562 ipso

302 1569 435 1632 Romano
458 1579 509 1633 aut
531 1571 644 1634 Romae
666 1580 803 1636 versante
826 1575 882 1636 dici
904 1586 1014 1654 posset.
1048 1594 1147 1656 neque
1170 1595 1238 1639 vero
1261 1578 1334 1652 scio,
1357 1599 1451 1660 quare

301 1669 381 1731 idem
405 1687 464 1731 uon
487 1669 526 1730 ita
549 1671 649 1732 multis
672 1673 757 1733 annis
779 1679 846 1752 post
868 1680 967 1735 motus
990 1675 1037 1748 sit,
1066 1683 1099 1737 ut
1122 1675 1259 1739 editionis
1284 1696 1353 1740 suae
1376 1681 1449 1759 prol.

301 1787 330 1848 p.
353 1767 443 1829 xtlx
467 1776 610 1832 mutatam
639 1771 810 1851 opinionem
840 1790 908 1834 cum
943 1773 1043 1836 nimiis
1072 1775 1135 1837 lere
1168 1775 1264 1837 verbis
1293 1776 1451 1841 defendere

302 1875 462 1930 conaretur
498 1887 540 1942 ea,
570 1887 645 1948 quae
667 1870 833 1932 Romanam
866 1871 1079 1935 habitationem
1113 1874 1242 1936 indicare
1271 1875 1449 1950 viderentur,

301 1966 400 2047 potios
433 1968 471 2030 ob
499 1967 672 2031 Faustinum
707 1970 783 2032 dieta
812 1989 887 2044 esse,
921 1972 1031 2052 quippe
1064 1973 1115 2052 qui
1148 1972 1300 2036 Romanus
1333 1977 1449 2039 luisset.

302 2067 404 2128 eadem
435 2085 504 2130 vero
531 2069 646 2130 ratione
673 2070 831 2149 Apuleium
860 2071 935 2150 apol.
967 2089 1011 2150 cp.
1037 2070 1065 2143 9,
1086 2071 1124 2132 14
1154 2072 1344 2136 coniunxisse
1372 2077 1450 2155 opud

304 2164 426 2228 Graecos
448 2165 532 2229 Teius
553 2167 668 2248 paidom
685 2213 715 2228 ..
739 2169 817 2248 opud
838 2186 891 2230 uos
912 2169 1050 2231 deciduus
1077 2179 1103 2230 et
1125 2169 1242 2232 Porciam
1270 2181 1296 2233 et
1321 2171 1448 2236 Ouolas.

302 2265 372 2345 quid
396 2266 475 2346 quod
498 2284 588 2328 nemo
612 2275 666 2340 est,
689 2267 761 2347 quin
783 2268 900 2347 ignoret
920 2269 1081 2331 Faustinus
1104 2269 1161 2342 ille,
1184 2271 1232 2333 oui
1251 2271 1325 2332 liber
1340 2272 1448 2334 missus

302 2369 347 2424 est
368 2363 508 2444 donoque
530 2364 627 2438 datus,
650 2367 844 2429 Romanusne
868 2367 959 2430 luerit
982 2387 1019 2430 an
1035 2367 1190 2430 Africanus
1212 2388 1250 2431 an
1264 2371 1338 2434 alius
1353 2378 1447 2432 terrae

301 2463 407 2525 incola.
453 2464 505 2525 sed
527 2473 591 2526 esto
613 2464 778 2527 Romanus.
822 2483 895 2529 num
920 2474 953 2528 tu
976 2466 1129 2530 hominem
1152 2469 1275 2530 natione
1297 2469 1404 2532 Afrum
1420 2477 1449 2531 et

301 2563 333 2624 in
355 2563 452 2626 Africa
475 2573 643 2626 versantem
665 2565 827 2627 Vesuvium
849 2577 1013 2629 nostrum
1036 2569 1193 2630 nominare
1215 2575 1313 2649 putes,
1336 2568 1450 2648 quirin

301 2661 394 2724 literis
423 2663 459 2723 ad
488 2663 655 2725 Romanum
684 2663 781 2725 missis
810 2666 922 2727 mentio
954 2665 1017 2728 eius
1044 2664 1102 2728 fit?
1153 2685 1207 2728 cur
1236 2681 1298 2730 non
1326 2679 1450 2730 oestrum

302 2761 409 2824 melius
432 2761 492 2824 sive
520 2759 624 2824 tuum?
657 2762 730 2842 quin
758 2762 855 2826 locum
889 2764 973 2826 illum
1007 2783 1042 2826 ex
1064 2765 1195 2845 apologia
1230 2765 1450 2846 depromptum,

302 2879 432 2942 quocum
455 2861 537 2923 hunc
558 2859 786 2924 Hildebrandius
815 2875 975 2942 comparat,
998 2863 1115 2925 mallem
1138 2863 1235 2925 virum
1258 2863 1379 2928 doctum
1409 2865 1451 2926 si-

301 2959 394 3022 lentio
416 2958 613 3040 praeteriisse.
657 2979 725 3022 eum
750 2963 840 3037 enim,
869 2961 921 3041 qui
942 2961 1083 3023 Graecam
1106 2969 1137 3022 et
1160 2960 1294 3024 Latinam
1317 2962 1451 3042 linguam

302 3059 352 3139 qui
385 3059 540 3139 utriusque
567 3067 670 3138 poetas
702 3079 770 3122 cum
805 3061 943 3147 alterius
960 3058 1156 3140 scriptoribus
1189 3070 1347 3141 componat
1380 3070 1451 3123 ante

301 3157 414 3220 iudices
445 3157 588 3220 Romanis
619 3157 750 3220 moribus
783 3160 923 3232 eruditos,
957 3160 1033 3240 apud
1066 3159 1273 3239 proconsulem
1307 3160 1451 3222 Romanis

301 3257 393 3320 literis
426 3257 603 3330 educatum,
641 3258 704 3336 ipse
737 3257 806 3320 civis
839 3257 991 3320 Romanus
1023 3276 1162 3320 sermone
1194 3258 1299 3320 Latino
1332 3277 1449 3321 causam

302 3374 400 3436 agens,
430 3363 534 3437 poetas
557 3374 593 3417 ex
615 3355 748 3418 Romano
771 3357 913 3435 sanguine
937 3364 1017 3418 ortos
1039 3357 1196 3438 populares
1220 3358 1373 3420 nominare
1395 3376 1450 3420 ne·

302 3475 383 3518 cesse
406 3454 479 3516 mihi
501 3455 616 3517 videtur
637 3474 702 3518 esse
717 3464 805 3536 atque
821 3455 1022 3518 manifestum.
1067 3455 1176 3518 sivero
1199 3455 1266 3536 quis
1280 3457 1313 3518 in
1328 3457 1451 3542 epistola

302 3556 337 3617 ad
359 3554 513 3616 hominem
537 3555 649 3618 Rornae
670 3564 836 3618 versantem
852 3555 962 3637 scripta
978 3554 1137 3617 Vesuvium
1160 3562 1295 3617 montem
1316 3573 1450 3618 comme-

302 3661 406 3727 morat,
434 3671 524 3715 nemo
547 3662 593 3716 est
615 3654 688 3734 quin
710 3664 762 3717 aut
783 3665 817 3716 ut
837 3665 928 3716 vester
954 3654 1090 3764 Vpsuoius
1111 3655 1181 3717 solet
1207 3654 1295 3716 verba
1324 3654 1451 3716 coniuu·
1488 3715 1492 3724 ,

301 3761 350 3834 gat
371 3762 422 3814 aut
444 3753 560 3815 nullum
581 3771 747 3833 pronomen
770 3755 914 3817 adnectat.
961 3753 1033 3814 mlril
1056 3771 1125 3814 vero
1148 3761 1335 3834 compertum
1358 3753 1452 3815 halre-

303 3871 369 3915 mus
390 3852 548 3932 Apuleium
571 3871 625 3934 per
647 3870 786 3938 magnum
809 3852 953 3934 temporis
976 3853 1105 3933 spatium
1120 3871 1189 3916 eum
1204 3852 1346 3914 Faustino
1362 3852 1451 3914 disei-

301 3952 372 4032 pulo
405 3951 528 4031 Neapoli
554 3961 771 4014 commoratum
805 3971 869 4016 esse
901 3959 1096 4032 montemque
1129 3951 1237 4014 cotidie
1263 3950 1451 4032 spectavisse,

300 4051 341 4112 ita
364 4058 398 4112 ut
419 4050 550 4130 imagine
572 4052 636 4113 eius
659 4060 775 4114 mentes
805 4052 856 4114 diu
879 4059 1040 4131 occupatae
1061 4059 1161 4113 essent
1189 4057 1278 4130 atque
1298 4049 1346 4111 illa
1369 4067 1450 4111 com·

302 4149 402 4212 munis
417 4150 574 4230 adspectus
596 4150 699 4230 gaudia
723 4156 799 4211 tecte
821 4148 978 4229 significari
1000 4156 1134 4229 possent.
1179 4147 1265 4221 adde,
1288 4147 1314 4210 si
1328 4147 1451 4210 Madau-

302 4248 398 4310 rensis
420 4249 451 4310 in
474 4248 567 4329 patria
589 4249 654 4329 ipsa
676 4247 784 4310 lilirum
815 4241 895 4329 περὶ
915 4243 1042 4328 κόσμου
1069 4247 1174 4310 Latina
1200 4247 1322 4321 laceret,
1354 4247 1450 4326 ¹mogis

303 4354 540 4412 consentaneum.
563 4349 657 4412 luisse
690 4348 751 4412 sive
780 4347 900 4410 denum
925 4358 1057 4410 codrum
1089 4347 1151 4408 sive
1181 4345 1304 4427 Luperco
1336 4355 1452 4408 nostroe

303 4446 450 4528 adpellare
473 4465 561 4527 quam
585 4446 710 4534 Vesuvio
732 4446 813 4508 idem
836 4462 1002 4525 cognomen
1024 4445 1105 4516 dare,
1139 4444 1191 4525 qui
1218 4444 1388 4525 longissime
1415 4445 1451 4507 ab
