3324 5238
658 420 874 486 ..37-

192 601 269 663 dicut
290 599 334 661 hic
352 600 420 678 pius
441 596 529 679 filius,
553 599 622 680 quid
643 602 676 662 a'o
697 617 728 660 eo
751 607 872 680 tempore
894 615 992 662 secus
1014 608 1142 678 opuntem
1156 599 1201 661 ool
1216 599 1337 681 loqueo-

192 709 248 764 tcm
268 707 391 762 mureto
411 715 495 758 suum
512 707 632 777 propter
651 701 794 760 {montom
815 699 927 762 uiderit.
971 705 1063 760 restat
1085 697 1231 779 posterior
1252 700 1335 762 locus

192 798 276 871 99,1
301 795 407 872 cuim1)
431 794 513 876 louge
534 799 648 876 requeis
668 807 752 860 rotor
772 799 881 877 suerat,
903 813 956 860 occ
977 799 1127 872 imoacrtto,
1155 797 1207 878 qui
1230 817 1335 877 quam-

191 915 282 979 quam
304 914 375 958 mss.
391 894 491 958 omnia
506 904 683 974 congruunt,
705 913 772 958 curn
789 896 1015 975 comparativus,
1038 904 1072 958 ut
1093 898 1335 972 monstravimus,

192 997 223 1058 in
244 1001 313 1057 met
337 1002 454 1058 tantum
477 1001 638 1073 usurpatus
660 993 708 1068 sit,
732 994 936 1058 emendandus
959 1003 1006 1056 est
1027 996 1076 1070 ita,
1099 1004 1133 1058 ut
1155 1016 1234 1060 semro
1248 997 1335 1060 resti-

193 1101 302 1156 tuatur.
345 1109 416 1155 uam
438 1091 552 1154 etiamsi
573 1091 663 1154 fidem
686 1111 757 1156 mss.
789 1093 898 1174 ubique
931 1113 1048 1157 summa
1078 1113 1146 1158 eum
1176 1113 1245 1158 cura
1272 1114 1336 1158 ser-

194 1193 318 1254 vandam
348 1209 412 1254 esse
438 1191 654 1265 existimamus,
687 1201 787 1254 tamen
814 1191 1055 1272 quandoquidem
1077 1194 1234 1274 Apuleium
1257 1203 1336 1258 certa

192 1290 307 1354 ratione
334 1289 485 1352 divorsum
512 1288 631 1352 dicendi
660 1307 754 1367 genus
782 1291 964 1371 quaesivisse
994 1293 1027 1353 in
1060 1292 1183 1356 diversis
1216 1293 1335 1374 seriptis

193 1389 381 1451 manifestum
405 1397 460 1462 est,
483 1387 597 1450 facilius
619 1389 763 1468 quaedam
787 1396 901 1450 mutare
918 1389 1102 1461 audebimus,
1132 1410 1206 1471 quae
1234 1410 1334 1454 errore

192 1489 379 1552 librariorum
401 1487 559 1568 irrepsisse
581 1493 717 1568 possunt.
762 1504 860 1566 neque
886 1505 961 1560 vero,
991 1488 1015 1550 si
1041 1488 1072 1549 id
1093 1489 1232 1552 audacius
1254 1489 1335 1553 vidc-

193 1596 252 1662 tur,
274 1593 370 1648 totum
392 1585 535 1648 iudicium
563 1585 685 1658 tollitur,
717 1603 785 1647 nam
817 1587 959 1648 nonnulla
993 1585 1142 1658 voeabula,
1176 1605 1252 1666 quac
1285 1595 1337 1650 aut

192 1685 471 1762 metamorphoseon
494 1692 609 1746 tantum
632 1692 684 1746 aut
704 1684 829 1746 aliorum
852 1685 998 1746 librorum
1020 1685 1152 1747 sermoni
1175 1685 1336 1750 convenire

191 1786 370 1858 viderentur,
393 1783 543 1846 interdum
565 1783 644 1846 velut
664 1784 847 1862 neglegentia
877 1802 1032 1863 perperam
1056 1784 1151 1864 posita
1181 1803 1245 1846 esse
1277 1784 1335 1846 iam

191 1883 335 1966 principio
357 1875 568 1945 concessimus.
615 1899 711 1962 neque
733 1881 790 1961 ipsi
812 1882 841 1945 id
865 1881 1009 1944 sentimus
1024 1881 1182 1962 Apuleium
1204 1890 1238 1946 ut
1261 1884 1336 1946 altc-

193 1983 345 2046 rumeins
368 1981 475 2043 saeculi
498 1981 683 2044 Frontonem
711 1981 836 2061 quodvis
859 1979 1043 2054 vocabulum,
1072 1982 1149 2062 quod
1179 1983 1215 2044 ad
1245 1981 1335 2044 totius

192 2081 308 2161 generis
330 2081 459 2142 colorem
483 2081 736 2160 conquadraret,
766 2080 853 2158 longa
876 2098 944 2142 cum
974 2079 1065 2141 animi
1096 2080 1265 2160 provisione
1287 2098 1336 2142 re-

192 2180 406 2251 formidavisse‚
433 2196 537 2240 verum
559 2177 588 2240 id
611 2177 758 2240 illustrare
780 2195 925 2240 conamur
947 2178 1108 2240 constituta
1131 2178 1245 2240 ratione
1267 2197 1334 2242 eum

191 2299 225 2342 ea
249 2276 427 2349 distinxisse,
444 2296 520 2357 quae
542 2285 593 2340 aut
616 2277 755 2340 cotidiani
782 2277 931 2339 sermonis
953 2276 1072 2357 propria
1102 2286 1153 2340 aut
1180 2278 1336 2340 rhetorum

190 2378 300 2460 regulis
316 2376 508 2455 congruentia
525 2376 641 2438 diverso
657 2377 744 2440 modo
759 2377 894 2456 fingeret.
939 2395 1014 2456 quae
1036 2393 1103 2437 vero
1126 2375 1157 2436 in
1179 2375 1335 2438 rhetoricis

192 2487 223 2540 et
243 2474 451 2557 philosophicis
475 2473 592 2554 scriptis
614 2474 762 2556 vulgarem
791 2475 966 2538 latinitatem
994 2475 1153 2548 redoleant,
1182 2493 1215 2538 ea
1243 2474 1336 2554 magis

192 2574 336 2654 temporis
358 2575 394 2636 ab
416 2573 548 2656 antiquis
572 2574 713 2655 exemplis
735 2575 793 2636 iam
816 2574 934 2636 alienati
957 2593 1022 2636 esse
1037 2574 1112 2636 duco
1129 2592 1217 2654 quam
1232 2581 1335 2638 aucto-

191 2675 233 2738 tis
256 2673 412 2736 artificiose
434 2672 575 2747 ludentis,
597 2692 687 2753 quem
709 2680 864 2752 praestent
886 2674 1150 2753 metamorphoses.

276 2771 415 2852 copiosus
439 2771 569 2834 delectus
592 2771 801 2834 vocabulorum
824 2780 870 2834 cst
891 2772 923 2834 in
944 2778 1016 2832 mot.
1032 2789 1145 2842 eorum,
1168 2769 1277 2850 quibus
1293 2771 1336 2834 rei

193 2871 301 2934 veritas
325 2870 526 2933 confirmatur.
560 2887 629 2932 nam
652 2871 782 2952 primurn
806 2878 924 2950 praetor
941 2887 1065 2950 prorsus
1087 2876 1117 2932 et
1135 2868 1234 2949 plone,
1261 2887 1336 2950 quae

191 2969 224 3032 in
245 2970 342 3032 soluta
364 2970 497 3032 oratione
519 2969 627 3032 usitata
650 2978 732 3044 sunt,
759 2968 899 3049 pecudiari
928 2969 1014 3030 modo
1038 2967 1149 3030 omisso
1171 2968 1260 3030 verbo
1284 2980 1334 3032 ut-

192 3066 332 3147 cunquc¹)
355 3067 498 3146 scriptum
521 3077 566 3131 est
587 3068 633 3140 lll,
657 3067 743 3143 8,14
772 3069 822 3130 scd
843 3068 925 3130 illum
947 3067 1060 3148 quidem
1080 3078 1223 3149 uteunque
1244 3071 1334 3132 ιιιίιιία

192 3170 284 3228 uirtus
305 3183 359 3226 ouo
376 3168 512 3243 peremit3
538 3167 586 3241 13,
604 3167 644 3229 28
668 3169 732 3229 totis
753 3176 896 3247 modoque
913 3170 1086 3248 patrimonia·
1104 3167 1228 3243 oa'ribus3
1254 3165 1335 3242 19,9

192 3273 336 3342 utcunque
364 3266 472 3325 cuodr's
503 3267 534 3327 aia
564 3268 646 3329 domo
679 3269 740 3328 ouo
768 3269 946 3346 pronuntiet.
1003 3268 1034 3341 V,
1063 3264 1176 3340 25,12
1206 3269 1336 3328 scudem

191 3361 316 3441 Meleon
343 3371 426 3443 utque
453 3364 592 3444 defectum
613 3375 754 3446 utcunque
777 3383 858 3426 cusos
879 3368 939 3427 obs
960 3381 1019 3426 noo
1033 3367 1139 3426 luscius
1156 3407 1164 3426 .
1183 3365 1336 3445 ‚permul-

192 3471 246 3532 ουκ
276 3460 323 3534 Vl,
347 3461 682 3536 atramentario
711 3473 879 3526 condumum
906 3473 1046 3545 nouoque
1077 3479 1157 3524 mmo
1184 3467 1213 3526 or·
1236 3464 1337 3542 suunt

191 3559 343 3633 deotmoto3
366 3561 424 3634 Vll,
447 3560 551 3633 27,11
577 3573 721 3643 utcunque
742 3581 772 3624 oe
789 3564 948 3640 proesumit
969 3565 1157 3634 inducerem
1188 3561 1261 3636 Vlll,
1284 3560 1335 3636 31,

191 3656 231 3718 22
253 3667 398 3740 metroque
418 3671 546 3723 metueras
568 3661 668 3735 alteiam
690 3660 726 3732 X,
750 3659 837 3735 3,12
860 3670 1000 3740 utcunque
1024 3659 1146 3722 debitum
1161 3662 1260 3722 sistens
1282 3661 1335 3723 ob-

189 3760 328 3836 sequium
358 3757 408 3829 Xl,
434 3758 483 3830 11,
501 3758 520 3819 6
544 3759 654 3822 altioris
675 3768 841 3840 aureoque.
860 3801 867 3818 .
883 3758 1040 3837 rotagicum
1067 3756 1171 3829 14,15
1192 3765 1335 3839 modoque

189 3856 284 3918 lotoe
305 3861 415 3922 moestu
438 3860 553 3937 coguitis
569 3904 576 3920 .
593 3904 600 3919 .
618 3862 724 3921 condis
744 3857 888 3932 cladibus3
914 3857 963 3930 15,
980 3854 1017 3918 31
1042 3865 1184 3938 utcunque
1198 3857 1334 3936 fortitude

190 3958 307 4016 euentus
322 3956 391 4020 duro
413 3966 438 4017 tc
457 3959 587 4035 pessimis
597 3959 735 4038 periculis
751 3959 913 4021 da'ocrucr'ut.
959 3973 991 4017 ea
1007 3972 1076 4016 vero
1092 3955 1224 4017 vocabuli
1238 3955 1333 4034 signi-

189 4052 286 4116 ficatio
307 4074 376 4118 raro
401 4073 538 4135 expressa
563 4064 609 4119 est
630 4075 686 4118 nec
707 4059 743 4120 ab
765 4075 825 4119 uno
848 4055 902 4118 alio
926 4054 1070 4135 scriptore
1092 4062 1151 4116 tam
1173 4054 1274 4116 multis
1288 4054 1334 4117 lo-

190 4151 248 4227 eis3
281 4153 359 4232 apud
389 4152 562 4216 Petronium
595 4153 746 4217 invenitur
780 4175 809 4236 p.
832 4154 883 4228 67,
899 4153 958 4227 4ος
991 4152 1040 4227 79,
1051 4151 1091 4213 20
1126 4152 1193 4217 edit.
1227 4152 1332 4218 minor.

256 4385 277 4452 ¹)
296 4383 472 4450 Liiq'ohannus
490 4385 611 4438 editionis
629 4387 659 4436 do
678 4386 724 4438 deo
743 4385 815 4440 Soer.
832 4387 894 4439 libri
912 4403 935 4455 p.
951 4385 991 4437 36.
1011 4385 1042 4436 31
1063 4384 1168 4452 scripsit
1186 4387 1288 4439 decim.

256 4467 278 4531 ²)
296 4465 328 4518 cl'.
347 4465 542 4518 ltrotschrnann.
561 4469 577 4520 l.
597 4469 615 4520 l.
635 4484 658 4535 p.
671 4466 712 4518 97.
