3324 5238
662 343 881 406 ..ῃ-

203 522 330 584 efficitur
353 530 383 583 et
405 537 528 600 prorsus
551 521 706 602 perspicue
729 527 817 601 patet,
845 523 896 604 qui
924 539 1035 584 nomen
1064 522 1127 584 eius
1156 521 1212 584 viri
1234 523 1351 598 celaret,

203 622 236 684 ad
260 639 350 702 quem
373 619 448 681 liber
471 620 557 682 datus
580 628 668 694 esset,
692 621 772 682 unde
795 623 840 682 sni
864 621 1007 700 originem
1032 629 1192 700 repeteret,
1214 621 1352 701 aliudque

201 722 232 783 in
254 719 408 800 prooemio
432 719 625 783 substitueret
644 739 755 782 nornen
778 721 864 783 amici
893 739 926 782 ac
949 721 1093 802 discipuli,
1117 721 1164 782 oui
1186 719 1244 781 iam
1268 721 1351 800 prius

200 826 375 901 pergratum
399 817 509 880 lactum
534 837 598 882 esse
622 837 726 882 omnes
749 819 875 888 scirent,
909 821 997 899 plane
1031 819 1195 892 luculente,
1218 818 1350 898 inquam,

201 919 323 997 adparet
339 934 408 976 eum
424 916 454 976 id
473 936 505 978 ea
522 936 555 977 re
578 916 738 991 studuisse,
762 926 796 979 ut
816 917 988 979 fallerentur
1003 936 1117 989 omnes,
1142 919 1192 997 qui
1208 917 1349 995 legerent,

201 1033 305 1079 omnes
329 1013 537 1094 deciperentur
552 1015 685 1077 arbitrati
701 1034 789 1077 suum
805 1034 880 1096 opus
897 1034 965 1076 eum
981 1015 1011 1077 in
1028 1016 1160 1077 medium
1181 1017 1349 1096 protulisse,

200 1117 251 1197 qui
274 1125 308 1179 ut
330 1135 418 1179 suum
449 1115 478 1176 id
511 1115 605 1177 amico
641 1115 847 1177 dedicavisset.
892 1133 960 1178 nam
995 1116 1042 1177 vix
1075 1115 1212 1196 cuiquam
1245 1116 1349 1197 Apulei

200 1215 385 1296 temporibus
407 1213 517 1275 Graece
541 1215 617 1296 περὶ
641 1209 767 1294 κόσμου
789 1213 933 1293 scriptum
968 1223 1074 1276 notum
1108 1214 1199 1278 luisse
1222 1215 1348 1289 videtur,
1422 1237 1425 1244 ·

199 1323 288 1395 atque
310 1323 390 1376 recte
406 1314 544 1376 Osannus
566 1313 583 1374 l.
601 1313 619 1374 l.
642 1333 668 1394 p.
698 1313 754 1374 151
781 1313 998 1376 observandum
1024 1333 1088 1376 esse
1111 1324 1214 1377 monet
1228 1315 1348 1377 Favori-

199 1433 273 1476 num
307 1414 385 1495 apud
408 1412 533 1474 Gellium
557 1411 591 1486 ll,
608 1409 647 1470 22
682 1413 718 1472 de
753 1420 909 1473 ventorum
943 1413 1115 1475 nominibus
1148 1413 1349 1494 disputantem

199 1513 307 1576 librum
331 1509 409 1594 περὶ
430 1507 557 1592 κόσμου
579 1512 717 1590 ignorare
740 1519 770 1572 et
791 1512 946 1573 nominare
969 1511 1209 1594 meteorologianr
1234 1514 1347 1575 Aristo-

200 1613 272 1675 tebs.
318 1609 457 1692 Apuleius
479 1608 569 1688 igitur
596 1607 643 1669 ille
665 1609 778 1688 primus
812 1628 881 1670 curn
915 1612 1051 1672 nominat
1084 1620 1174 1692 atque
1196 1613 1348 1675 Aristoteli

199 1710 354 1786 adscribit,
388 1719 421 1771 ut
454 1730 489 1772 err
522 1709 671 1771 nonnullis
704 1709 777 1771 locis
811 1711 1028 1789 cognoscimus.
1074 1713 1202 1776 citantur
1225 1713 1345 1794 quidem

199 1830 235 1873 er
256 1829 291 1871 eo
314 1808 401 1870 verba
424 1828 477 1871 seu
499 1809 598 1888 potius
622 1816 700 1870 tecte
723 1809 933 1871 describuntur
955 1827 1106 1892 ——neque
1129 1812 1211 1874 enim
1233 1812 1346 1874 Aristo-

198 1911 266 1974 telis
290 1925 402 1971 nomeu
425 1924 480 1968 uec
512 1905 577 1969 libri
607 1923 779 1984 expressum
815 1915 861 1968 est
883 1943 924 1952 —-
948 1928 963 1969 a
987 1910 1101 1972 lustino
1124 1911 1263 1990 Martyre,
1297 1911 1348 1991 qui

201 2010 289 2072 etiam
312 2007 395 2089 prius
418 2005 540 2086 Apuleio
562 2005 642 2082 vixit,
666 2005 771 2066 sedin
796 2007 1000 2070 cohortatione
1024 2009 1058 2069 ad
1082 2009 1207 2072 Graecos
1241 2009 1310 2087 (vol.
1335 2010 1346 2070 l

199 2130 228 2192 p.
252 2108 338 2182 26,7
362 2106 465 2182 Otto),
500 2123 588 2186 quem
612 2104 720 2166 librum
743 2104 893 2167 immerito
916 2107 995 2169 inter
1024 2107 1129 2170 lustini
1157 2108 1264 2186 scripta
1288 2107 1347 2168 cir-

199 2207 339 2272 cumferri
367 2206 530 2268 novissime
552 2205 694 2266 Adamius
717 2206 735 2265 l.
751 2206 770 2266 l.
793 2225 821 2285 p.
847 2205 930 2267 3-9
946 2216 976 2267 et
998 2207 1028 2268 in
1045 2206 1201 2269 sententiis
1224 2216 1346 2270 conuo-

198 2309 289 2371 versis
312 2306 456 2386 exposuit.
501 2305 651 2385 posterius
672 2322 741 2366 vero
764 2321 825 2366 non
847 2313 916 2366 ante
939 2305 1152 2386 Philoponum,
1176 2306 1345 2379 Stobaeum,

198 2407 354 2472 Arsenium
375 2406 554 2469 nominatur.
598 2404 639 2463 ita
675 2404 737 2464 lore
775 2404 926 2484 suspicere
955 2423 1034 2476 eum,
1072 2407 1121 2485 qui
1160 2406 1196 2466 de
1233 2404 1346 2467 mundo

197 2506 430 2588 librumlLatine
453 2506 575 2573 faceret,
599 2519 703 2564 novam
737 2503 868 2581 magistri
892 2502 1031 2566 Graecam
1067 2505 1243 2584 scripturam
1277 2513 1346 2566 ante

198 2605 298 2668 oeulos
314 2604 460 2674 hahuisse,
485 2619 573 2681 quarn
597 2599 779 2662 ludibundus
802 2601 878 2664 sicut
901 2603 931 2664 in
955 2603 1018 2665 aliis
1034 2603 1124 2666 rebus
1140 2603 1246 2684 egregii
1268 2602 1345 2666 illius

196 2703 362 2784 philosophi
385 2701 506 2764 nomine
528 2709 654 2762 ornaret.
676 2735 717 2744 -
740 2719 816 2780 quae
838 2720 906 2763 cum
928 2702 970 2764 ita
993 2703 1068 2776 sint,
1093 2721 1153 2765 non
1176 2721 1345 2784 possumus,

197 2804 269 2884 quin
293 2805 330 2865 do
351 2801 406 2863 bac
427 2818 460 2862 re
484 2798 584 2859 Stahri
607 2799 787 2860 sententiam
803 2798 1027 2878 amplectamur,
1051 2819 1140 2880 quam
1162 2801 1179 2862 l.
1196 2802 1215 2862 l.
1238 2819 1268 2880 p.
1285 2802 1345 2862 170

196 2901 311 2982 aperuit
332 2898 518 2962 contendens
540 2897 598 2957 tale
619 2895 716 2957 lacere
738 2913 800 2958 nou
834 2897 952 2959 honesti
985 2899 1138 2978 scriptoris
1165 2899 1272 2970 videri,
1306 2899 1345 2960 ita

195 3001 332 3064 simulare
354 3014 416 3058 nou
438 2994 523 3076 probi
545 2993 683 3056 hominis.
729 3012 798 3055 nam
822 2996 846 3056 si
868 2995 1048 3076 Apuleius
1079 2998 1222 3077 scriptum
1246 2998 1344 3058 omni-

195 3099 251 3162 bus
272 3099 407 3178 ignotum
429 3096 533 3158 Latine
554 3094 739 3156 transtulerit
772 3103 801 3156 et
833 3105 868 3157 ut
900 3114 987 3158 suum
1021 3097 1053 3158 in
1082 3098 1184 3177 vulgus
1213 3097 1344 3170 ediderit,
1426 3116 1429 3123 ·

195 3217 283 3261 nemo
307 3214 375 3259 eum
397 3195 428 3256 in
451 3194 625 3257 criminibus
647 3193 720 3256 furti
743 3200 773 3255 et
794 3192 936 3256 infamiae
958 3196 1036 3259 tueri
1058 3197 1167 3277 possit,
1190 3217 1258 3259 cum
1280 3197 1344 3277 ipse

193 3297 309 3378 saepius
331 3294 532 3376 philosophiae
555 3300 584 3356 et
607 3292 722 3355 virtutis
737 3293 883 3355 honorem
899 3295 993 3356 salute
1009 3296 1129 3375 propria
1145 3295 1344 3374 antiquiorem

196 3415 260 3460 esse
288 3395 493 3457 enuntiaverit.
538 3395 591 3456 sed
618 3401 720 3456 contre
744 3393 769 3454 si
791 3393 865 3456 falso
887 3393 915 3454 id
940 3395 966 3456 ei
988 3394 1130 3474 scriptum
1153 3394 1343 3475 suppositum

196 3515 259 3560 esse
281 3501 413 3575 putatur,
441 3493 541 3555 omnia
570 3493 636 3556 luce
663 3492 770 3553 clarius
799 3492 940 3572 adparere
966 3493 1104 3556 videntur
1131 3512 1165 3556 ac
1192 3512 1239 3555 res
1265 3494 1344 3555 inter

193 3612 225 3656 se
247 3599 425 3675 pugnantes,
450 3592 558 3672 quibus
580 3599 678 3655 totum
701 3591 857 3664 redundat,
881 3607 987 3653 omnes
1016 3590 1101 3652 facile
1130 3591 1343 3671 intelliguntur.

193 3699 282 3772 atque
302 3689 464 3754 Hoelscher
487 3690 606 3770 quidem
634 3690 651 3750 l.
673 3690 691 3750 l.
714 3708 742 3770 p.
769 3687 807 3749 19
823 3708 839 3751 a
856 3689 955 3751 Stabri
982 3689 1155 3752 criminibus
1183 3691 1342 3754 defendere

194 3798 318 3865 conatur
346 3788 518 3870 Apuleium:
552 3788 740 3867 prooemium
775 3805 893 3868 quoque
926 3788 990 3851 iure
1024 3787 1208 3852 reddendum
1240 3789 1342 3864 fuisse,

193 3892 272 3973 quod
294 3889 453 3958 Faustinus
476 3896 573 3949 totum
589 3887 715 3951 sortasse
729 3887 838 3949 librum
855 3885 1149 3951 Pseudaristotelium
1166 3907 1341 3968 cognoscere

193 3990 339 4052 voluisset.
386 3994 416 4050 at
438 3988 462 4048 si
484 3988 607 4050 verbum
631 3988 666 4050 ad
692 3987 814 4050 verbum
849 3995 951 4050 auctor
984 3988 1234 4068 interpretaturus
1268 3998 1340 4062 erat,

191 4087 355 4150 Alexander
377 4087 442 4149 loco
461 4077 688 4167 Ἀλεξάνδρου,
712 4086 772 4148 dux
794 4077 953 4168 ἡγεμόνος
968 4087 1127 4167 ponendus
1149 4096 1221 4150 erat.
1251 4106 1341 4167 porro

192 4187 349 4250 lloelscher
372 4186 515 4249 Graecum
538 4185 647 4248 librum
670 4195 729 4248 tam
754 4195 868 4260 notum,
891 4195 951 4248 tam
975 4185 1114 4248 omnibus
1136 4187 1340 4268 pervulgatum

191 4288 283 4350 luisse
305 4286 403 4366 lingit,
437 4295 471 4348 ut
492 4285 631 4368 Apuleius
664 4305 732 4348 enm
766 4294 881 4350 exstare
916 4287 997 4350 nullo
1031 4287 1120 4350 modo
1154 4286 1340 4350 dissimulare

191 4392 300 4466 posset.
345 4384 424 4462 quod
448 4385 521 4448 lalso
544 4392 691 4448 statutum
713 4404 779 4448 esse
795 4385 1037 4448 monstravimus.
1082 4386 1132 4447 sed
1156 4385 1181 4448 si
1204 4385 1340 4465 cognitus
