3324 5238
648 446 862 512 „65-

179 625 208 687 id
231 625 256 686 is
279 623 410 706 profecto
433 623 531 686 credat
547 631 635 703 atque
650 623 794 695 adfirmet,
819 624 869 703 qui
884 623 1107 685 Madaurensem
1123 623 1329 703 philosophum

179 723 333 786 hominem
356 723 462 786 rudem
486 723 583 786 omnis
607 723 757 796 scientiae,
781 723 878 784 omnis
894 722 974 796 artis,
998 722 1096 783 omnis
1111 721 1223 800 ingenii
1239 723 1331 784 luisse

179 830 347 902 cognoscat,
382 821 433 904 qui
461 821 549 884 nullis
580 820 766 884 facultatibus
800 820 982 901 praeditum,
1017 821 1096 882 nulla
1129 821 1228 882 indole
1260 839 1330 883 eum

177 922 360 984 instructum
383 920 504 1000 pinguia
538 939 627 1000 opera
662 927 751 1001 atque
784 920 905 1000 frigida,
938 919 1088 1000 incompta
1122 928 1212 999 atque
1245 919 1330 983 foeda

178 1022 341 1084 memoriae
376 1027 494 1082 nostrae
528 1019 684 1082 tradidisse
718 1038 790 1081 sana
831 1026 931 1080 mente
969 1018 1175 1080 demonstrare
1208 1027 1332 1082 conetur

177 1118 299 1199 aliisque
322 1137 354 1182 se
376 1118 553 1199 persuadere
576 1123 664 1199 posse
687 1117 825 1180 ooniidat.

262 1217 528 1280 Pseudaristoteles
543 1237 573 1298 p.
590 1215 682 1280 393b
701 1218 750 1286 14,
774 1217 825 1278 ubi
855 1216 1040 1296 singulorum
1063 1215 1189 1279 marium
1207 1217 1330 1279 nomina

178 1318 363 1380 enumeravit
391 1323 480 1397 atque
508 1315 619 1378 insulas
649 1315 787 1378 Atlantici
815 1317 905 1377 maris
935 1315 1106 1389 nominavit,
1128 1316 1164 1378 de
1186 1316 1232 1388 iis,
1255 1335 1330 1395 quae

176 1415 213 1476 ed
236 1416 337 1478 lndiae
359 1416 495 1495 regiones
519 1415 591 1477 sitae
614 1423 695 1487 sunt,
717 1415 762 1476 his
786 1414 882 1476 verbis
904 1414 1049 1477 disserere
1071 1413 1182 1495 pergit:
1207 1411 1331 1478 τούτων

176 1509 215 1575 dt
248 1508 307 1576 οὐκ
340 1506 536 1595 έλάττουςῆ
563 1535 599 1574 τε
637 1508 839 1595 Ταπροβοίνη
874 1513 960 1594 πέρα
979 1507 1099 1587 Ἰνδῶν,
1133 1511 1211 1595 λοξὴ
1245 1511 1330 1595 πρὸς

175 1611 236 1694 τὴν
258 1612 460 1695 οἰκουμένην,
484 1610 539 1673 καί
564 1607 583 1694 η
608 1608 748 1692 nepot)
774 1608 955 1694 καλουμένη
972 1609 1056 1673 κατὰ
1077 1611 1134 1674 τὸν
1151 1607 1331 1694 Ἀραβικὸν

176 1711 308 1793 κειμένη
341 1707 477 1774 κόλπον.
522 1729 598 1791 quae
632 1709 734 1773 Latine
767 1711 908 1774 translata
942 1719 1013 1771 sunt
1045 1728 1089 1792 cp.
1124 1710 1159 1784 7,
1196 1711 1329 1774 11—-12

176 1813 300 1872 πέπονα
322 1829 389 1872 uero
411 1810 493 1872 ultro
514 1809 602 1872 ludos
625 1809 793 1890 Taprobane
815 1819 898 1890 αἰρυο
922 1809 1039 1890 λοποῖ).
1084 1827 1154 1888 ergo
1183 1810 1330 1872 omittitur

176 1908 233 1970 καί
256 1903 276 1990 ἡ
300 1904 410 1988 Φτβὸλ
432 1907 615 1990 καλουμένη
639 1906 723 1970 κατὰ
744 1908 802 1972 τὸν
820 1903 996 1990 Ἀραβικὸν
1033 1909 1165 1991 κειμένη
1201 1904 1329 1971 κόλπον

175 2016 206 2070 et
228 2007 361 2086 negativa
384 2026 440 2068 vox
463 2002 521 2070 οὐκ
543 2015 612 2070 ante
635 2004 789 2080 ἐλάττους
811 2007 917 2087 posita,
939 2003 1019 2090 λοξή
1051 2026 1118 2069 vero
1148 2005 1249 2090 (πρὸς
1271 2007 1330 2091 την

177 2103 400 2188 οἰκουμένην),
434 2123 492 2183 quo
523 2105 613 2168 verbo
647 2106 740 2168 forme
769 2105 962 2186 Taprobanae
996 2106 1111 2168 insulae
1143 2105 1329 2179 describitur,

176 2223 286 2269 nomen
308 2205 462 2285 proprium
486 2223 550 2266 esse
573 2204 696 2268 Latinus
725 2212 828 2268 auctor
862 2214 943 2268 ratus
977 2223 1045 2266 cum
1068 2204 1243 2285 Taprobane
1266 2205 1329 2286 ipsa

175 2305 272 2368 insula
304 2304 469 2367 coniunxit.
515 2311 603 2384 atque
637 2321 747 2366 censeo
782 2303 919 2384 equidem
954 2304 1105 2366 neminem
1139 2305 1196 2366 hoc
1228 2322 1329 2368 errore

175 2403 286 2466 irretiri
310 2403 450 2482 potuisse,
474 2403 533 2465 nisi
555 2404 602 2466 cui
625 2402 708 2465 notio
730 2403 810 2464 vocis
826 2399 913 2484 λοξή,
937 2403 1040 2464 solitae
1056 2402 1165 2482 alioqui
1181 2412 1211 2464 et
1233 2404 1329 2466 notis-

174 2503 275 2574 simae,
298 2501 425 2566 obscura
441 2509 529 2564 esset.
568 2501 754 2564 Goldbacher
768 2501 889 2582 quidem
911 2499 930 2563 l.
946 2501 965 2562 l.
988 2521 1018 2582 p.
1031 2499 1093 2564 683
1109 2501 1156 2563 hic
1171 2503 1327 2582 Apuleium

174 2619 317 2664 excusare
340 2609 474 2672 conatur,
497 2601 577 2680 quod
601 2601 632 2661 in
655 2619 725 2662 mss.
764 2600 897 2674 brun
923 2599 1112 2664 Belikerianis
1127 2602 1245 2682 negatio
1269 2593 1327 2666 cair

176 2701 285 2774 delicit,
309 2701 341 2762 in
364 2699 388 2762 0
411 2717 465 2780 pro
489 2695 572 2779 πρὸς
594 2695 652 2782 τὴν
674 2698 871 2782 οἰκουμένην
893 2699 1035 2762 traditum
1058 2710 1104 2762 est
1131 2699 1323 2784 καλουμένη.

177 2799 254 2862 unde
276 2817 336 2860 uno
358 2797 414 2860 alio
436 2798 501 2860 loco
524 2797 638 2860 adiecto
665 2797 745 2860 idem
772 2799 946 2878 scriptorem
970 2799 1100 2862 codicem
1123 2800 1327 2863 Aristotelium

176 2898 351 2978 persolvisse
385 2897 493 2976 colligit
520 2896 635 2958 formae
668 2895 890 2960 BellerianiO
924 2896 1118 2960 simillimum.
1173 2919 1207 2962 ac
1240 2900 1325 2980 prius

175 2997 295 3078 quidem
311 3003 531 3076 argumentum,
555 3012 615 3074 quo
631 2996 707 3056 hanc
723 2995 896 3075 opinionem
913 3002 1022 3069 tuetur,
1044 2995 1172 3058 fortasse
1194 2997 1323 3078 proban-

174 3096 247 3158 dum
270 3103 325 3168 est,
348 3095 380 3157 in
403 3095 496 3158 altero
518 3111 587 3156 vero
609 3109 732 3174 prorsus
761 3093 1002 3174 repugnandum.
1047 3113 1115 3156 narn
1145 3094 1170 3158 si
1199 3097 1325 3178 scriptor

175 3193 299 3256 Latinim
325 3194 357 3256 in
379 3193 453 3257 libro
478 3193 587 3254 Graece
615 3200 733 3256 exarato
756 3193 826 3273 legit
858 3185 984 3257 τούτων
1014 3190 1052 3255 δὲ
1073 3189 1227 3270 ἐλάττους
1249 3220 1268 3279 η
1290 3219 1326 3259 το

179 3290 388 3376 Ταπροβάνη·
416 3292 522 3374 πέραν
550 3287 674 3366 Ἰνδῶν,
711 3288 806 3374 Acir)
840 3290 1025 3374 καλουμένη
1054 3312 1086 3354 κ.
1118 3314 1145 3354 τ.
1175 3291 1214 3368 λ,
1249 3314 1323 3376 opus

175 3394 231 3456 luit
262 3393 366 3456 Latine
399 3410 519 3476 quoque
561 3409 629 3454 eum
669 3389 779 3452 Loxam
821 3391 949 3453 alterum
985 3407 1102 3452 nomen·
1132 3392 1324 3472 Taprobanae

178 3491 339 3571 adsignare,
362 3509 424 3553 non
451 3491 525 3552 duas
559 3490 670 3552 insulas
703 3490 744 3560 ita
766 3488 917 3554 fabricari:
952 3488 1157 3552 deficientibus
1190 3509 1260 3554 vero
1294 3502 1324 3554 et

177 3589 297 3654 articulo
319 3585 339 3673 ἡ
364 3598 394 3652 ot
415 3589 558 3670 particula
582 3591 638 3652 καί
661 3607 698 3650 ne
720 3607 848 3668 puerum
877 3587 996 3668 quidem
1023 3583 1138 3671 Λοξήν
1170 3591 1255 3654 aliam
1291 3612 1324 3655 ac

174 3688 378 3770 Taprobanam
391 3687 537 3768 suspicari
549 3688 682 3768 potuisse
695 3687 830 3751 arbitror.
855 3687 975 3758 accedit,
992 3687 1071 3768 quod
1087 3698 1322 3754 consentaneum

175 3797 236 3851 erat
257 3790 368 3852 boram
391 3787 517 3850 reddere
538 3793 573 3849 ut
595 3804 762 3867 cognomen
784 3785 991 3868 Taprobanis,
1020 3786 1129 3868 quippe
1157 3790 1236 3869 quod
1260 3791 1323 3854 eius

242 4059 263 4128 ¹)
282 4059 347 4111 coni.
361 4059 455 4112 Osann.
470 4057 540 4111 l.1.l
553 4075 576 4126 p.
591 4057 734 4123 ist-184,
748 4059 791 4125 qni
807 4059 908 4126 Ψέβοια
922 4061 966 4126 (se.
980 4057 1076 4126 νῆσος)
1089 4057 1201 4112 defendit
1213 4063 1322 4115 Scimusi

174 4143 327 4192 sententiam
346 4143 485 4210 amplexus,
504 4142 546 4208 qui
565 4140 671 4192 exercit.
690 4140 756 4190 Plin.
775 4157 798 4207 p.
814 4142 862 4194 ⁷82
881 4134 962 4208 Ψεβώ
981 4140 1113 4204 legendum
1133 4157 1188 4194 esse
1206 4143 1322 4211 dispute-

173 4223 221 4274 vit
258 4223 352 4290 Apulei
371 4240 434 4274 vero
452 4221 592 4275 τὀοαίανοπι
610 4220 830 4273 bulluciuaiioucm
854 4223 904 4274 iam
922 4224 1061 4275 Sulmesius
1084 4231 1155 4274 recte
1179 4227 1320 4292 perspexit.

173 4305 226 4356 vid.
245 4305 323 4356 ctiam
341 4305 468 4370 Forbigcr
485 4305 503 4356 l.
522 4305 542 4356 l.
560 4303 581 4354 ll
599 4320 622 4370 p.
642 4301 700 4354 806.

242 4409 261 4471 ²)
281 4407 381 4458 codices
400 4423 472 4472 zoae,
489 4424 571 4473 τοιαο,
590 4423 664 4472 omae,
683 4409 748 4460 uude
767 4407 906 4460 Salmasius
924 4401 1056 4462 admodum
1069 4409 1238 4477 probabiliter
1250 4409 1322 4466 Luam

172 4488 299 4540 restituit.

1143 4579 1159 4633 5
