3324 5238
637 454 858 518 ..51-

170 633 288 718 quoties
311 632 516 697 advenientem
538 631 647 712 pugnis
669 632 835 695 obtundere
858 633 947 696 ubera
970 634 1160 698 manifestum
1184 644 1237 711 est,
1265 636 1317 700 sed

172 737 257 799 dum
280 724 419 797 adcurrat
441 750 478 793 ex
500 731 571 793 sede
587 750 621 793 ao
636 731 786 794 domicilio
801 732 834 794 in
848 732 943 795 vicino
958 733 1015 794 sito
1030 733 1179 814 frequenti
1196 736 1317 816 planctu

170 837 362 899 vehementer
383 829 547 894 lamentari.
592 838 708 910 praeter
730 830 835 892 Silium
859 850 926 892 vero
955 831 1001 894 vix
1029 832 1185 913 quisquam
1195 831 1218 908 1)
1248 841 1317 896 aute

170 934 327 1015 Apuleium
349 932 390 994 ita
411 931 529 992 locutus
551 938 607 1001 est,
636 929 720 991 cuius
749 947 836 1010 opera
866 930 1067 1010 cognovimus.
1112 950 1212 1012 neque
1238 934 1315 1014 apud

170 1035 351 1096 Frontonem
375 1029 509 1092 eiusdem
532 1047 603 1089 usus
626 1045 721 1089 unum
744 1029 912 1108 exemplum
937 1037 1039 1103 exstat,
1068 1030 1119 1111 qui
1141 1032 1316 1111 particulam

170 1133 217 1195 bis
241 1141 270 1192 et
292 1130 381 1191 vicies
403 1145 457 1208 pro
481 1127 620 1188 bisweilen
641 1126 750 1206 posuit.
794 1127 942 1190 Arnobius
970 1138 1070 1190 autem
1098 1130 1192 1191 semel
1213 1149 1243 1210 p.
1266 1130 1316 1206 24,

171 1230 212 1292 29
227 1229 311 1292 noio.
334 1227 519 1290 concedamus
532 1226 678 1288 anterdurn
691 1245 811 1289 menum
826 1231 927 1290 cestris
942 1273 949 1288 .
967 1274 973 1288 .
995 1229 1203 1309 opinationibus
1217 1231 1317 1293 dentes

171 1349 225 1410 pro
246 1331 370 1398 interim,
394 1325 486 1388 semel
509 1344 536 1405 p.
561 1323 632 1398 240,
646 1325 686 1385 27
709 1326 794 1386 solita
817 1325 1033 1406 significatione
1055 1347 1157 1389 vocem
1173 1327 1313 1391 adhibuit.

171 1446 227 1490 nec
248 1425 416 1488 Rbnschius
438 1425 457 1484 l.
481 1425 499 1484 l.
522 1442 552 1502 p.
569 1421 630 1484 345
654 1441 689 1482 ex
712 1424 841 1504 antiquis
858 1424 1027 1487 divinorum
1042 1425 1187 1488 librorum
1203 1427 1314 1488 versio-

171 1526 259 1588 nibus
287 1523 413 1586 similem
435 1540 525 1585 usum
555 1521 661 1591 noscit,
692 1523 744 1584 sed
767 1523 825 1602 dig.
849 1524 894 1595 tv,
918 1523 947 1594 8,
963 1523 1011 1596 16,
1028 1525 1060 1600 13
1082 1525 1146 1586 cod.
1169 1525 1214 1599 Vl,
1234 1525 1315 1604 tna

172 1625 253 1688 citat.
297 1641 398 1686 verum
422 1622 453 1684 in
476 1619 582 1684 ceteris
604 1620 710 1700 Apulei
743 1621 860 1702 scriptis
891 1639 1040 1702 nusquam
1071 1641 1105 1684 ea
1127 1623 1248 1703 vulgari,
1284 1631 1317 1686 ut

171 1723 295 1796 videtur,
318 1722 441 1784 notione
464 1720 639 1782 vocabulum
664 1728 837 1800 usurpatum
861 1729 915 1794 cst,
937 1721 990 1783 sed
1014 1730 1151 1784 nostrum
1177 1721 1316 1785 lisweilen

170 1823 267 1886 reddit
289 1822 352 1883 lior.
375 1839 405 1900 p.
422 1818 471 1892 34,
488 1819 525 1878 14
541 1818 624 1880 belet
637 1819 783 1881 interdurn
798 1829 823 1881 et
837 1824 997 1883 necessarie
1018 1823 1163 1901 sestanctr'o
1186 1821 1315 1884 honestos

169 1941 282 1994 anorum
305 1921 341 1982 de
364 1918 421 1980 deo
445 1917 528 1978 Socr.
553 1916 614 1988 3,4
637 1921 688 1978 orbo
709 1917 881 1998 sapientibus
902 1922 973 1980 uiris
988 1962 996 1980 .
1014 1965 1020 1980 .
1036 1919 1210 1982 intellectura
1231 1921 1317 1983 burins

171 2023 224 2095 dei,
246 2020 276 2082 id
298 2035 407 2101 quoque
428 2016 573 2078 interdurn
594 2025 626 2077 ut
640 2020 672 2077 tn
687 2019 837 2078 artissimis
851 2018 973 2079 tenebris
986 2019 1165 2100 rapidissr'nro
1181 2037 1314 2082 corusce-

169 2125 244 2183 rna'ne
260 2119 356 2181 lumen
372 2115 527 2179 candidum
540 2119 735 2191 intermisere
751 2115 786 2176 de
798 2116 871 2176 Plat.
889 2116 992 2178 eteius
1005 2117 1102 2196 dogm.
1116 2117 1150 2190 Il,
1164 2117 1193 2190 9,
1208 2117 1247 2179 19
1262 2119 1316 2181 illo

170 2218 321 2300 (coquina)
352 2215 506 2277 mediniano
531 2217 710 2296 proscnione
742 2214 886 2276 s'ntcrdurn
908 2219 1067 2296 opinionem
1090 2217 1315 2298 imprudentium

173 2325 274 2399 ceptut.
320 2314 478 2394 quievero
502 2321 554 2384 est,
585 2313 644 2393 qni,
674 2313 699 2374 si
722 2332 786 2375 eam
809 2313 841 2374 in
864 2313 1033 2394 Apuleianis
1056 2315 1216 2395 particulae
1244 2335 1315 2378 usus

171 2414 369 2478 differentiam
396 2421 548 2493 agnoscat,
577 2419 730 2474 auctorem
758 2413 857 2493 ipsum
884 2422 972 2492 neget
1000 2413 1031 2474 in
1061 2413 1183 2476 divorsis
1217 2416 1315 2496 operi-

170 2515 227 2576 bus
261 2513 389 2574 diversas
423 2510 478 2573 sibi
510 2511 625 2590 regulas
654 2511 840 2592 praecepisse
863 2508 1025 2592 adparere?
1059 2520 1149 2594 atque
1182 2532 1245 2576 rem
1273 2513 1314 2576 ita

171 2633 202 2676 se
228 2613 337 2674 habere
362 2612 421 2673 iam
445 2610 535 2672 Henr.
568 2611 714 2674 lordanus
746 2609 839 2690 symb.
875 2611 966 2673 critic.
1000 2631 1029 2692 p.
1059 2611 1176 2693 325sq.
1212 2612 1322 2698 paucis?

170 2711 268 2776 verbis
296 2711 377 2772 velut
407 2711 483 2772 hanc
519 2709 760 2772 dissertationem
791 2709 1015 2773 renuntiaturus
1043 2711 1113 2773 viris
1141 2712 1235 2774 doctis
1261 2732 1312 2774 ex-

170 2811 293 2894 plicavit.

254 2909 285 2970 in
308 2906 444 2970 omnibus
467 2906 587 2988 quidem
609 2905 714 2986 Apulei
736 2905 853 2986 scriptis
882 2907 973 2968 multa
1001 2905 1122 2970 insolita
1150 2909 1312 2972 lectoribus

169 3013 340 3081 occurrunt,
374 3024 449 3087 quae
483 3024 551 3067 cum
585 3005 648 3067 eius
676 3004 776 3066 eiusve
808 3005 912 3068 aetatis
945 3006 1063 3086 propria
1096 3008 1163 3082 sint,
1196 3008 1313 3090 insigne

169 3107 338 3188 exemplum
366 3105 510 3167 sermonis
539 3103 714 3167 Latinorum
747 3105 902 3166 rhetorum
931 3105 1082 3184 praebent.
1128 3108 1186 3168 sed·
1204 3127 1240 3169 ex
1266 3107 1313 3181 iis,

169 3227 241 3288 quae
264 3206 320 3266 hac
342 3203 547 3267 dissertatione
569 3203 659 3266 nullis
681 3203 776 3264 vorbis
798 3203 1036 3266 redundantibus
1067 3206 1184 3268 omissis
1215 3208 1312 3269 omni-

169 3305 223 3368 bus
257 3301 401 3366 orationis
430 3304 511 3366 vanis
539 3303 667 3365 flosculis
695 3303 887 3376 contulimus,
916 3303 1013 3364 lucide
1042 3311 1142 3382 patere
1171 3314 1312 3386 putamus

171 3404 314 3466 diuersam
336 3401 497 3465 dictionem
519 3402 550 3463 in
573 3409 640 3464 met.
665 3401 809 3464 diversam
833 3402 865 3462 in
887 3401 993 3463 ceteris
1016 3401 1099 3464 libris
1122 3403 1311 3466 statuendam

172 3519 245 3561 esse.
289 3519 321 3563 ac
342 3501 517 3582 praesertim
540 3500 586 3574 iis,
609 3519 683 3581 quae
707 3501 744 3562 de
766 3500 976 3580 particularum
999 3503 1083 3574 enine,
1107 3502 1242 3583 equidem,
1264 3507 1312 3566 r‘n-

169 3601 289 3673 terdum,
319 3619 414 3683 quarn,
448 3603 487 3661 sic
516 3599 631 3662 diverso
662 3618 717 3661 usu
740 3599 965 3680 disputavimus
1001 3599 1078 3660 clarc
1111 3601 1312 3666 demonstrari

167 3719 254 3780 posse
281 3700 396 3762 videtur
422 3696 579 3779 Apuleium
608 3699 708 3778 ipsum
740 3698 804 3760 eius
835 3697 1012 3760 discriminis
1040 3697 1117 3762 bene
1138 3720 1311 3769 ¹memorem

166 3798 267 3860 foisse.
312 3816 381 3859 nam
405 3796 574 3876 ubicunque
596 3796 731 3860 diversus
758 3816 829 3860 usus
851 3797 884 3859 in
906 3795 1030 3876 singulis
1053 3798 1171 3880 seriptis
1193 3801 1310 3864 inveni-

166 3904 224 3972 tur,
246 3897 278 3959 in
300 3895 591 3976 metamorphosibus
613 3903 718 3958 auctor
741 3915 804 3958 eam
821 3895 901 3958 vocis
918 3895 1070 3958 notionem
1088 3899 1239 3978 amplexus
1256 3908 1311 3970 est.

166 3995 293 4076 quaein
315 3995 393 4074 vulgi
416 4011 555 4057 sermone
579 3993 726 4055 cotidiano
750 3995 858 4058 usitata
881 4003 954 4069 erat,
977 3994 1010 4057 in
1024 3995 1182 4060 rhetoricis
1198 4005 1229 4060 et
1242 3999 1310 4080 phi-

164 4093 322 4175 losophicis
346 4112 411 4156 eam
435 4095 493 4156 vim
518 4093 662 4173 expressit
684 4111 792 4175 easque
815 4094 928 4156 formas
951 4095 1064 4169 maluit,
1096 4114 1168 4176 quas
1196 4105 1248 4158 aut
1276 4117 1312 4160 ex

165 4193 313 4256 Ciceronis
343 4191 454 4274 optima
487 4191 634 4254 latinitate
669 4191 852 4274 deprompsit
885 4202 935 4256 aut
968 4187 1091 4276 propter
1125 4195 1248 4276 plenum
1281 4203 1311 4258 et

164 4299 281 4370 gravem
304 4290 416 4353 exitum
439 4290 649 4372 praeferendas
672 4309 738 4353 esse
761 4293 886 4356 censuit.
931 4301 1055 4356 atvero
1077 4295 1310 4376 quasiunoob·

233 4491 255 4555 ¹)
273 4490 340 4544 coni.
359 4489 447 4544 lustin.
469 4491 509 4556 11,
523 4490 551 4557 93
571 4490 632 4546 Tac.
650 4507 707 4544 ann.
726 4490 745 4554 1,
764 4492 788 4544 5.

1115 4579 1149 4633 4*
