3324 5238
652 447 694 458 ..
742 412 874 476 59...

188 590 268 654 enim
292 590 469 673 cuiusquam
493 607 608 664 corum,
636 590 687 670 qui
709 589 770 652 sive
790 589 822 650 in
844 596 959 652 textum
980 588 1198 652 emendandum
1223 588 1284 652 sive
1306 589 1338 650 in

188 689 468 770 interpretationem
491 689 687 752 obscurorum
710 689 845 751 locorum
867 687 1076 762 incubuerunt,
1106 687 1223 750 animus
1251 685 1336 749 incli-

188 788 290 861 nabat,
314 796 346 850 ut
367 790 426 851 ulla
448 788 633 852 dubitatione
655 787 834 851 adficeretur
863 788 900 848 de
921 787 1044 867 Apuleio
1067 795 1196 860 auctore,
1227 785 1277 847 sed
1301 785 1337 848 ab

189 887 336 950 contraria
349 887 498 950 sententia
511 888 592 950 velut
603 895 685 949 certo
697 887 895 950 fundamento
908 887 1048 949 universo
1061 903 1210 948 consensu
1219 901 1335 957 omues,

189 987 268 1068 quod
291 987 478 1068 propositum
499 977 572 1059 erat,
596 985 743 1049 illustrare
766 986 968 1058 ordiebantur,
1000 985 1110 1067 quippe
1138 984 1218 1065 quod
1242 1000 1337 1062 genus

189 1085 340 1147 scribendi
369 1092 398 1146 et
420 1084 580 1148 verborum
603 1085 735 1148 delectus
765 1093 796 1147 et
823 1085 1041 1148 sententiarum
1063 1083 1209 1165 scanciae,
1242 1081 1336 1145 immo

188 1190 249 1247 tota
271 1183 331 1262 stili
353 1185 539 1247 consuetudo
562 1184 710 1248 simillima
733 1184 898 1264 eademque
928 1191 1008 1245 esset
1028 1182 1206 1263 Apuleianae
1227 1180 1336 1244 rationi

189 1301 245 1346 nec
266 1284 390 1346 materia
411 1290 535 1346 tractata
566 1290 746 1365 repugnaret
773 1283 860 1344 solito
888 1283 964 1344 mori
991 1282 1199 1345 abhorreretve
1227 1280 1263 1344 ab
1290 1279 1335 1342 in-

189 1382 256 1444 dole
284 1401 317 1444 ac
343 1383 529 1447 facultatibus
558 1382 727 1464 philosophi
753 1381 817 1446 eius
848 1381 987 1443 Africani.
1037 1397 1126 1460 quem
1153 1380 1185 1441 in
1212 1381 1337 1442 modum

190 1480 325 1544 Stabrius
345 1481 366 1543 l.
389 1483 408 1543 l.
431 1501 459 1563 p.
485 1483 544 1543 165
568 1482 725 1562 praeclaris
748 1481 843 1544 verbis
866 1480 1007 1542 disseruit
1028 1479 1139 1541 librum
1162 1480 1199 1540 dc
1222 1479 1335 1542 mundo

190 1579 225 1642 ab
247 1580 370 1660 Apuleio
393 1581 596 1661 conscriptum
618 1590 648 1643 et
670 1580 707 1642 ab
722 1588 843 1644 auctore
865 1579 930 1660 ipso
945 1589 980 1641 ut
995 1579 1042 1642 sui
1057 1579 1212 1659 proprium
1235 1586 1336 1658 aperta

190 1678 372 1741 vindicatum
396 1698 461 1742 csse
483 1678 634 1758 (Stahrius
655 1680 843 1760 prooemium
872 1679 1022 1758 respicere
1051 1677 1177 1750 ridetur,
1210 1678 1243 1739 in
1275 1696 1334 1756 que

189 1784 293 1840 auctor
315 1777 456 1840 Faustino
487 1779 604 1842 cuidam
626 1779 734 1841 librum
766 1779 897 1841 dedicat:
931 1777 1073 1841 Faustino
1105 1795 1176 1838 vero
1209 1776 1335 1847 cuidam,

190 1895 278 1956 quem
301 1875 342 1938 ibi
364 1875 411 1955 fili
430 1877 610 1958 adloquitur,
632 1877 759 1940 alterum
782 1877 870 1939 etiam
895 1876 932 1938 de
955 1877 1028 1939 Plat.
1057 1881 1088 1938 et
1111 1875 1175 1937 eius
1198 1875 1336 1955 dogmate

189 1975 299 2038 librum
322 1975 418 2052 misit;
441 1978 478 2038 of.
501 1997 530 2058 p.
553 1976 603 2050 80,
623 1976 661 2038 14
684 1975 802 2056 Goldb.)
826 1983 855 2038 et
878 1975 914 2037 ab
938 1975 1076 2038 omnibus
1092 1975 1223 2055 antiquis
1246 1974 1335 2036 testi-

189 2075 244 2138 bus
267 2074 464 2155 Apuleianum
491 2075 678 2138 nominatum
701 2094 776 2137 esse.
820 2093 919 2154 neque
946 2079 1168 2154 praetereamus
1196 2073 1225 2134 id
1254 2074 1334 2153 quod

190 2173 374 2238 Goldbacber
395 2174 427 2235 in
450 2193 521 2238 eam¹
536 2174 714 2237 sententiam
738 2174 908 2256 disputavit,
938 2173 989 2255 qui
1016 2175 1034 2235 l.
1058 2172 1078 2234 l.
1100 2171 1197 2253 pure
1227 2190 1335 2251 quam·
1386 2247 1390 2255 Ι

190 2292 279 2354 quam
301 2291 402 2352 graves
424 2272 551 2353 ineptias
573 2275 731 2338 nonnullas
752 2273 817 2354 ipse
839 2273 958 2346 delexit,
987 2281 1088 2336 tamen
1110 2271 1142 2332 in
1164 2270 1333 2351 perorando

188 2371 335 2434 rationem
359 2372 506 2434 conclusit
528 2372 632 2451 Apulei
655 2371 863 2436 auctoritatem
887 2389 1077 2452 nequaquam
1100 2370 1334 2434 labefactandam

191 2489 266 2540 esse.
310 2488 378 2532 nam
403 2470 576 2550 quicunque
597 2470 644 2532 vel
666 2471 770 2534 leuiter
786 2471 846 2534 duo
862 2471 970 2552 scripta
986 2470 1158 2551 inspiceret,
1180 2469 1212 2531 in
1228 2469 1334 2532 Latino

190 2568 389 2632 Madaurensis
417 2569 564 2632 tumidum
587 2588 681 2649 genus
703 2588 876 2651 expressum
899 2570 1043 2644 iuvenire,
1068 2589 1084 2631 a
1107 2589 1166 2650 quo
1189 2569 1333 2632 Graecum

191 2668 338 2747 exemplar
363 2668 525 2733 admodum
558 2668 707 2731 diversum
737 2679 824 2732 esset
870 2671 920 2750 qui
954 2670 1027 2733 haec
1056 2669 1154 2732 Stabri
1183 2677 1213 2732 et
1241 2668 1334 2730 Gold-

189 2765 307 2828 bacheri
327 2766 433 2846 placita
453 2768 532 2829 iuter
552 2787 584 2830 se
605 2768 796 2848 comparabit,
818 2769 900 2832 facile
921 2769 1052 2848 reperiet
1074 2777 1109 2830 ut
1129 2767 1171 2830 illi
1192 2766 1265 2828 nibil
1281 2767 1333 2828 de·

192 2883 256 2926 esse
278 2866 314 2928 ad
337 2865 492 2929 definitum
515 2866 660 2930 iudicium
681 2874 771 2948 atque
792 2868 971 2929 incolumem
988 2867 1082 2928 aciem
1104 2866 1146 2927 ita
1169 2865 1249 2926 hunc
1263 2882 1334 2944 pro·

189 2962 299 3024 ridenti
319 2965 420 3028 animo
442 2985 476 3028 ac
498 2975 584 3029 cauto
605 2973 767 3046 praestare.
810 2966 869 3028 iam
885 2984 954 3028 uero
971 2985 1026 3028 nos
1042 2966 1161 3045 quidem
1176 2972 1334 3044 postquam

189 3063 400 3143 particularum
424 3084 511 3128 usum
539 3065 572 3127 in
599 3065 675 3126 libro
704 3065 739 3126 de
770 3066 881 3132 mundo
914 3066 1081 3146 discrepare
1108 3063 1144 3125 ab
1171 3062 1334 3143 Apuleiano

190 3161 355 3235 docuimus,
388 3162 429 3224 ita
459 3170 634 3244 potestatem
670 3163 756 3227 nobis
790 3183 854 3228 esse
884 3163 1073 3228 examinandi
1106 3165 1163 3226 rati
1195 3184 1263 3228 cum
1298 3165 1334 3228 iis

188 3261 399 3336 fundamentis,
421 3281 495 3342 quae
516 3263 574 3326 iam
597 3263 781 3330 Goldbacber
803 3264 889 3331 nobis
911 3265 1028 3340 struxit,
1051 3271 1114 3326 tum
1138 3265 1222 3326 novis
1244 3283 1333 3344 argu-

189 3359 299 3424 mentis
321 3360 383 3423 nixi
405 3369 539 3424 nostram
561 3362 740 3426 sententiam
762 3364 896 3442 proferre
926 3362 1101 3427 conabimur
1131 3371 1334 3426 monstrantes

191 3459 271 3520 etin
293 3458 383 3522 rebus
405 3459 583 3524 inassatam
613 3463 741 3524 multum
772 3462 945 3547 offensionis
978 3469 1067 3542 atque
1093 3461 1273 3542 ineptiarum
1304 3471 1334 3524 et

191 3557 333 3620 orationis
355 3555 485 3622 salebras
515 3579 671 3623 occurrere
704 3567 765 3622 tam
794 3561 884 3624 mbas
918 3568 948 3622 et
981 3570 1151 3641 temporum
1184 3562 1333 3641 quandam

189 3656 336 3719 rationem
357 3655 389 3717 iu
413 3663 526 3720 tantun
542 3659 744 3740 suspicionem
766 3659 877 3734 uenire,
900 3668 935 3721 ut
956 3660 1115 3722 defendere
1136 3659 1222 3722 liceat
1244 3670 1334 3741 atque

189 3755 346 3830 enuntiare
378 3756 478 3820 falso
506 3757 642 3820 iudicio
676 3759 797 3822 adhuc
828 3757 927 3820 viros
957 3760 1089 3822 doctos
1122 3757 1259 3821 librum
1293 3760 1334 3821 de

188 3855 382 3928 munduca
406 3855 542 3920 Graeca
565 3856 693 3938 lingua
716 3857 851 3921 Latine
872 3858 1011 3922 factum
1027 3859 1070 3922 ad
1092 3857 1124 3921 L,
1140 3858 1333 3939 Apuleium

187 3953 461 4018 Madaurensem
489 3954 754 4037 philosophum
789 3955 983 4020 rettulisse
1005 3965 1193 4021 auctorem
1222 3957 1334 4020 simili

190 4053 373 4117 orationis
403 4054 530 4134 specie
551 4056 812 4134 praestrictos.

271 4152 479 4216 inNnmidiam
489 4173 668 4234 quamquam
679 4155 893 4236 Syphacevicto
902 4153 1054 4218 Masinissa
1065 4153 1333 4236 mortnoJugurtha

185 4252 304 4330 prodito
319 4253 461 4332 paulatim
476 4254 578 4335 populi
593 4254 720 4317 Romani
736 4254 940 4335 magistratus,
958 4263 1152 4328 mercatores,
1168 4255 1265 4317 Latini
1280 4256 1332 4318 ad-

185 4367 279 4412 venae
289 4351 448 4424 Quiritium
460 4352 591 4431 linguam
602 4360 836 4432 propagaverant
848 4353 970 4434 eiusque
982 4353 1182 4438 cognitionem
1195 4354 1333 4416 omnibus

185 4466 375 4511 communem
387 4451 585 4525 reddiderant,
603 4460 706 4516 tamen
720 4453 809 4544 ctiam
822 4455 916 4516 multo
927 4462 1005 4534 post,
1018 4454 1069 4535 qui
1080 4451 1142 4518 illas
1153 4452 1267 4524 Africae
1282 4472 1333 4516 re-
