3324 5238
643 435 863 500 ..55-

180 620 211 676 et
223 615 256 675 A.
270 612 406 674 sobrius
418 611 636 676 circitertertio
648 623 716 696 post
728 613 795 676 Chr.
812 612 938 687 saeculo,
962 609 1088 692 Zeller¹)
1104 611 1232 693 denique
1247 613 1326 676 intra

179 712 308 793 primum
321 731 347 773 a.
361 711 429 773 Chr.
444 729 474 772 n.
494 721 523 774 et
535 712 665 792 primum
682 732 711 794 p.
727 713 795 774 Chr.
808 729 840 774 n.
862 712 1013 776 saeculum
1035 728 1104 773 eum
1125 712 1326 792 conscriptum

180 829 246 874 esse
267 815 350 872 ratus
374 817 429 872 est.
475 820 632 891 congestus
653 829 724 874 vero
757 819 803 874 ast
834 809 920 883 liber,
954 820 987 874 ut
1008 811 1041 871 A.
1065 810 1249 873 Goldbaober
1275 813 1328 873 ad-

179 909 295 971 notavit
315 928 344 990 p.
361 909 423 971 670
445 909 510 972 eius
525 909 749 981 dissertationis,
773 910 809 972 de
831 927 888 990 qua
904 909 980 972 infra
996 910 1080 990 plura
1101 909 1326 990 disputabimus,

181 1027 216 1070 ex
239 1007 394 1070 elementis
418 1017 447 1070 et
467 1009 568 1072 stoicis
591 1018 622 1072 et
643 1009 855 1090 peripateticis,
885 1015 973 1090 atque
1004 1016 1037 1070 ut
1058 1009 1223 1072 Aristotelis
1256 1028 1328 1090 pro-

179 1105 261 1186 prius
283 1106 315 1168 in
337 1107 443 1185 vulgus
467 1108 562 1170 editus
596 1117 649 1170 est.
695 1109 746 1172 sed
780 1108 838 1170 iam
873 1108 955 1188 prius
977 1107 1102 1169 Adolfus
1125 1107 1261 1170 Stabrius
1295 1109 1326 1170 in

180 1205 264 1279 llbro,
288 1223 378 1287 quem
400 1207 552 1288 inscripsit
573 1208 734 1272 Aristotcles
758 1207 875 1269 beiden
897 1206 1034 1280 lldmero,
1058 1205 1175 1286 Lipsiae
1197 1226 1221 1269 a.
1246 1206 1328 1270 1834

180 1305 268 1378 edito,
291 1324 320 1384 p.
347 1303 512 1369 163-183
529 1315 616 1370 acuto
638 1307 757 1385 ingenio
780 1315 868 1386 atque
891 1306 950 1368 acri
973 1304 1135 1368 subtilitate
1157 1307 1326 1387 profectum

181 1421 247 1466 esse
269 1402 414 1467 Graccum
447 1405 558 1467 librum
593 1425 628 1467 cx
655 1405 760 1468 Latino
783 1404 887 1485 Apulei
924 1413 1091 1467 monstrare
1125 1414 1249 1467 conatus
1283 1415 1329 1468 est

181 1503 366 1584 eandemque
388 1505 569 1568 sententiam
593 1505 710 1586 saepius
720 1504 744 1582 ²)
767 1503 885 1584 repetiit
907 1522 940 1566 ac
961 1504 1094 1566 recoluit.
1138 1522 1235 1584 neque
1259 1523 1327 1567 vero

181 1603 217 1664 de
239 1621 272 1665 ea
295 1619 328 1664 re
349 1602 432 1682 plura
456 1603 573 1667 adicere
588 1621 663 1684 opus
686 1610 741 1677 est,
764 1603 904 1683 quoniam
938 1602 1116 1678 Hoelscber,
1150 1603 1201 1685 qui
1234 1612 1329 1668 totam

183 1702 385 1782 quaestionem
401 1701 539 1766 Herfordi
555 1723 580 1766 a.
600 1702 681 1766 1846
696 1703 874 1777 retractavit,
899 1702 983 1765 claris
999 1702 1184 1764 documentis
1201 1704 1330 1765 ostendit

180 1799 211 1863 in
233 1800 412 1863 contrariam
435 1809 548 1882 partem
562 1802 704 1866 Graecum
721 1801 870 1882 exemplar
885 1798 981 1864 Latini
1003 1801 1117 1863 fontem
1141 1787 1222 1877 esse,
1239 1821 1329 1882 quam

182 1899 354 1980 opinionem
377 1901 581 1983 comprobarit
602 1911 691 1982 atque
705 1901 790 1964 novis
809 1900 968 1962 momentis
990 1900 1072 1962 fulsit
1087 1901 1214 1964 Aloisius
1239 1901 1329 1965 Gold-

181 1999 290 2062 bacber
321 1999 390 2079 eph.
423 2017 521 2082 gymn.
544 2002 643 2063 Austr.
666 1999 757 2062 XXIV
779 2000 835 2060 vol.
863 2017 892 2078 p.
916 1997 987 2060 672.
1018 2006 1151 2062 ceterum
1184 2001 1221 2062 de
1243 2021 1276 2064 ea
1297 2017 1331 2062 re

181 2101 335 2182 perspicue
347 2108 446 2163 actum
459 2107 535 2162 esta
552 2099 581 2161 C.
600 2098 689 2161 Zellio
700 2097 874 2177 Paulyianao
890 2097 1131 2177 encyclopaediae
1145 2097 1177 2158 1²
1192 2118 1221 2179 p.
1238 2098 1328 2161 1672.

180 2201 233 2264 sed
255 2201 340 2263 bodie
363 2199 400 2260 de
423 2217 457 2260 ea
488 2197 671 2279 quaestione,
697 2205 856 2278 postquam
880 2195 1063 2259 Goldbaoher
1097 2198 1330 2260 controversiam

182 2299 360 2378 diiudicarit,
387 2297 466 2362 nulla
489 2297 550 2360 iam
574 2295 717 2359 dubitatio
739 2315 805 2358 esse
828 2304 941 2378 potest,
976 2295 1029 2356 sed
1053 2303 1086 2356 ut
1107 2303 1174 2358 ante
1196 2295 1331 2378 Apulei³)

180 2405 315 2479 tempora
339 2399 483 2460 Graecum
506 2395 616 2460 librum
639 2399 809 2458 confectum
832 2415 898 2459 csse
920 2396 960 2457 ita
984 2394 1140 2474 stagiritae
1161 2395 1235 2458 falso
1258 2417 1330 2479 sup-

179 2498 311 2578 positum
333 2515 400 2559 esse
416 2503 541 2558 constat.
567 2495 678 2558 exstitit
700 2513 769 2556 vero
792 2515 818 2556 a.
844 2494 923 2558 1861
949 2493 1036 2556 adam
1059 2495 1238 2556 sententiam
1261 2514 1332 2576 pro-

181 2599 280 2661 ferens
296 2597 477 2678 inopinatam
499 2595 674 2657 Franciscus
697 2594 836 2667 Adamus,
860 2595 969 2676 quippe
993 2593 1096 2674 quiin
1127 2594 1332 2658 dissertatione

181 2695 346 2775 inaugurali
369 2697 402 2757 de
425 2704 539 2758 cautere
563 2693 630 2758 titre·
652 2693 926 2757 Pseudouraitotelr'ct
945 2691 1023 2775 περὶ
1051 2690 1177 2774 κόσμου
1203 2694 1332 2756 Baralini

181 2794 258 2875 typis
280 2814 418 2876 expressa
440 2793 568 2856 eundem
592 2792 746 2873 Apuleium
768 2791 879 2854 librum
907 2799 936 2853 et
957 2791 1062 2854 Latino
1090 2810 1231 2854 sermone
1259 2812 1331 2855 con-

183 2894 330 2974 scriptum
351 2902 382 2956 et
403 2893 513 2956 Gracco
536 2890 720 2954 elaboratum
743 2891 908 2954 confecisse
936 2890 1142 2966 contenderet,
1171 2892 1249 2954 sieut
1270 2891 1333 2954 lla-

183 2992 338 3056 daurensis
358 2991 581 3056 consuetudinis
609 2990 716 3052 fuisset
748 2990 780 3051 in
814 2990 877 3053 aliis
901 2990 1122 3065 controversiis,
1146 2991 1334 3055 suasionibus

183 3091 392 3173 similibusque
416 3091 608 3165 orationibus,
640 3098 674 3151 ut
694 3107 788 3169 genus
821 3089 939 3152 dicendi
972 3108 1045 3152 usus
1078 3098 1206 3169 utraque
1236 3091 1334 3172 lingua

183 3192 330 3264 strictius,
365 3191 498 3263 brevius,
529 3190 675 3271 pressius,
708 3188 847 3252 subtilius
880 3189 1005 3252 reddere
1027 3189 1162 3252 disceret.
1192 3191 1334 3253 nimirum

181 3290 260 3354 illam
282 3289 466 3370 opinionem,
489 3307 564 3370 quae
586 3289 674 3370 plano
696 3309 761 3351 eom
784 3307 943 3368 personam
966 3288 1100 3360 mutavit,
1123 3307 1212 3368 quam
1235 3289 1336 3370 pbilo-

184 3389 239 3468 logi
259 3389 386 3470 Apuleio
400 3388 569 3454 adscribere
592 3396 820 3462 consueverunt,
843 3396 878 3450 ut
900 3387 1016 3450 animos
1030 3386 1163 3448 virorum
1179 3388 1335 3450 doctorum

187 3487 367 3564 percussisse
409 3487 449 3550 ita
483 3505 500 3550 a
533 3487 633 3550 multis
667 3486 852 3569 repudiatam
887 3496 916 3550 et
952 3487 1104 3567 aliquanto
1137 3495 1207 3566 post
1239 3485 1335 3548 fusius

184 3584 342 3652 refutatam
384 3605 450 3648 esse
491 3594 726 3649 consentaneum
766 3593 820 3646 est.
862 3603 931 3648 nam
970 3584 1099 3646 Aleisius
1138 3583 1333 3663 Goldbacher‚

182 3685 331 3765 professor
354 3685 614 3759 Czernovieiensis,
642 3684 842 3768 ephemeridis
864 3684 1086 3764 gymnasiorum
1110 3682 1334 3745 Austriacorum

182 3783 240 3846 vol.
262 3783 352 3845 lllllV
376 3802 401 3847 a.
427 3783 508 3847 1873
532 3804 559 3864 p.
585 3784 753 3848 670-687
776 3793 870 3846 totam
893 3801 957 3844 rem
979 3801 1084 3844 rursus
1099 3782 1272 3862 persecutus
1288 3790 1335 3844 est

183 3883 420 3959 accuratissime,
454 3885 503 3947 oui
528 3883 729 3946 dissertationi
768 3881 994 3945 emendationes
1016 3881 1193 3962 Apuleianas
1217 3881 1336 3944 adiecit.

184 3981 284 4046 docuit
307 3982 386 4046 enim
409 3983 453 4046 vir
476 3982 579 4046 doctus
606 3991 700 4046 totam
724 4001 788 4046 eam
814 3981 961 4043 rationem
977 3979 1115 4042 incertis
1151 3999 1204 4042 seu
1238 3981 1336 4061 potius

184 4080 273 4145 nullis
301 4081 503 4146 fundamentis
537 4081 608 4155 uiti,
641 4081 707 4145 flor.
730 4101 760 4163 p.
784 4080 867 4155 321
892 4098 938 4160 sq.
972 4082 1058 4142 etium
1089 4097 1167 4140 coac
1198 4079 1337 4159 bytom

185 4181 246 4242 eius
267 4176 298 4258 (i.
322 4199 347 4240 e.
371 4179 539 4262 Aesculapi)
560 4191 682 4261 utroque
704 4181 804 4262 liupuo
826 4197 945 4254 cauum,
966 4181 1014 4240 cui
1040 4178 1185 4258 disiacum
1206 4179 1338 4241 similiter

254 4331 274 4394 ¹)
293 4331 385 4396 philos.
406 4327 497 4382 Graec.
516 4332 577 4383 bist.
596 4328 636 4394 lll,
657 4331 750 4394 1,571.

253 4412 274 4475 ²)
293 4426 335 4462 ex.
354 4426 393 4476 gr.
410 4411 485 4463 Jabni
505 4414 589 4465 annal.
608 4409 691 4464 XVlll
709 4427 734 4478 p.
754 4411 845 4463 3-13.
1088 4463 1090 4469 ,

256 4493 279 4557 ⁸)
297 4493 340 4547 vel
358 4493 444 4560 potins
463 4494 519 4546 eins
538 4496 581 4562 qni
600 4494 692 4545 librum
711 4494 775 4564 περὶ
792 4490 899 4564 κόσμου
917 4493 1009 4545 Latine
1029 4491 1099 4543 fecit.
1155 4487 1157 4492 ’
