3324 5238
670 398 891 462 ..39-

205 598 293 660 usque
314 577 386 640 adeo
410 595 457 639 res
479 579 567 668 sulpit
584 578 757 657 propriatim
780 574 953 647 drauscium
982 592 1010 653 p.
1035 572 1105 646 224,
1127 573 1179 645 14;
1203 571 1274 646 225,
1296 571 1350 645 16;

207 677 279 752 236,
292 675 343 739 25.

286 793 412 857 prorsus
433 791 503 834 vero
524 773 624 852 ipsum
646 773 677 835 in
700 779 771 833 met.
794 780 829 832 ut
844 771 920 851 apud
936 770 1008 865 alios
1028 770 1208 832 recentiores
1224 771 1350 850 scripto·

204 893 252 938 res
272 891 337 935 non
359 873 455 935 solum
478 871 634 934 nominum
656 880 687 933 ot
709 872 867 934 verborum
891 870 949 932 vim
972 871 1117 944 adfirmat,
1139 870 1349 932 verumetiam

201 991 323 1054 prorsus
344 982 376 1033 ul
398 970 510 1032 omisso
533 969 671 1032 adverbio
693 975 734 1032 ita
756 978 786 1030 et
797 986 919 1048 proruas
932 969 1044 1050 pust)
1064 970 1260 1050 componitur.
1304 972 1348 1032 le-

205 1073 283 1151 gitur
304 1070 382 1132 enim
410 1069 481 1142 vlit,
506 1067 588 1140 25,3
618 1085 677 1130 uon
699 1069 915 1130 mordacem..
942 1070 990 1130 sed
1008 1086 1131 1148 prorsus
1158 1079 1191 1130 ut
1217 1073 1249 1131 iu
1276 1071 1353 1132 asim

206 1175 280 1232 corio
302 1169 460 1232 modestum
480 1169 621 1230 bominem
640 1167 802 1229 indubitare
824 1168 931 1230 medas
956 1203 997 1212 -
1026 1169 1098 1239 Vlll,
1122 1167 1205 1239 27,7
1227 1170 1348 1230 simula·

205 1269 252 1330 bat
273 1272 400 1330 sauciam
414 1267 577 1328 vecordiam
589 1285 710 1346 pmrsus
726 1269 809 1347 quasi
822 1267 906 1329 deum
916 1271 1082 1347 praeseutia
1100 1267 1208 1330 soleam
1221 1268 1349 1330 bmnrbes

142 1361 145 1369 ’
204 1365 333 1447 ..effici
345 1410 352 1426 .
369 1411 376 1426 .
393 1370 516 1445 aspectu
544 1366 593 1440 lx,
616 1364 702 1436 917
726 1384 848 1446 prorsus
875 1369 959 1447 quasi
978 1376 1093 1446 possent
1114 1370 1190 1428 tame·
1207 1368 1349 1446 [narboris

204 1465 322 1528 euadere
343 1464 522 1544 suppliciam.
568 1465 599 1525 in
622 1464 753 1544 apologia
775 1465 894 1544 quidem
917 1466 1007 1526 semel
1024 1482 1092 1526 cum
1106 1475 1140 1526 ut
1154 1465 1347 1528 coniunctum

206 1572 261 1636 est,
282 1564 333 1624 sed
355 1563 396 1625 ibi
418 1563 579 1625 similitudo
603 1563 792 1641 significatur,
820 1582 865 1644 cp.
883 1563 933 1636 94,
951 1564 970 1624 6
994 1581 1117 1643 prorsus
1136 1574 1170 1626 ut
1190 1566 1237 1625 uir
1257 1565 1348 1626 bouus

205 1663 316 1724 diemde*
331 1666 454 1742 peritus,
476 1671 511 1723 ut
525 1663 612 1742 paulo
630 1670 697 1741 post
709 1661 791 1736 98‚5
810 1662 898 1742 plane
913 1671 945 1723 ut
959 1672 1136 1742 usurpatum
1152 1671 1206 1724 est.
1252 1669 1348 1724 meta-

205 1761 404 1840 morphoseon
427 1770 526 1823 autem
549 1762 592 1822 illi
614 1762 678 1822 loco
694 1763 857 1840 respondet
872 1762 949 1841 apud
964 1761 1147 1822 Frontonem
1175 1779 1203 1840 p.
1223 1759 1347 1834 178,19

203 1877 321 1938 prorsus
341 1868 374 1920 ut
394 1858 495 1922 nullm
515 1861 595 1922 meles
619 1860 792 1922 Plautinus.
812 1859 1021 1939 praedicaret.

288 1975 339 2037 per
357 1957 446 2038 plane
469 1960 597 2039 denique
627 1977 696 2020 cum
726 1958 843 2037 singula
872 1957 1011 2020 voeabula
1039 1956 1254 2036 amplificantur
1281 1964 1346 2020 tum

205 2056 292 2118 etiarn
316 2075 383 2118 rara
406 2059 566 2137 particulae
588 2057 803 2137 significatione
835 2058 866 2119 in
896 2064 965 2117 met
994 2055 1129 2136 pluribus
1162 2056 1252 2117 rebus
1285 2056 1347 2118 sive

204 2156 299 2218 causis
321 2157 567 2219 antecedentibus
590 2157 763 2237 gravissima
784 2155 955 2234 adiungitur
978 2161 1007 2216 et
1030 2152 1216 2233 acemima²)‚
1244 2154 1284 2216 ita
1313 2163 1348 2218 ut

203 2255 383 2334 respondeat
405 2265 508 2318 nonno
530 2255 669 2328 ocilenda,
689 2273 760 2336 par:
783 2254 828 2326 lv,
854 2252 953 2327 ι,18;
976 2253 1035 2326 vll,
1058 2250 1123 2326 2,8
1145 2271 1196 2315 uec
1210 2256 1349 2334 eaipuum

201 2352 333 2416 scelerati
352 2355 570 2417 memorabatur
591 2354 738 2426 iudicium,
762 2357 862 2435 quippe
884 2371 948 2415 cum
970 2353 1068 2414 eadem
1090 2361 1168 2412 uocte
1189 2341 1198 2412 .
1214 2399 1221 2414 .
1238 2354 1347 2432 profu-

201 2455 293 2530 pisset
309 2495 316 2512 .
333 2498 340 2512 .
357 2457 417 2514 iam
438 2464 464 2516 et
482 2454 663 2534 praesidium
683 2455 771 2534 fupac
792 2451 878 2532 facile
900 2452 1139 2532 suppeditasse..
1180 2451 1269 2531 plone
1284 2469 1346 2513 ser-

202 2567 272 2610 uum
292 2554 352 2611 mus
372 2563 518 2632 repertum
533 2597 541 2612 .
559 2597 565 2612 .
585 2551 630 2612 ull
651 2556 801 2632 quicquam
828 2567 929 2612 rerum
956 2550 1058 2612 talium
1084 2569 1143 2612 esse
1171 2551 1345 2629 consessum

204 2648 310 2723 19,1.9
332 2669 383 2712 uec
404 2654 555 2732 qumquam
575 2649 724 2712 uidebatur
752 2649 833 2712 aldred
861 2653 1021 2730 eacepiture
1039 2666 1115 2730 puer
1135 2649 1185 2710 ille
1205 2651 1347 2731 uepur'ssi-

200 2767 272 2819 mus,
300 2767 386 2829 quam
407 2759 441 2810 ut
471 2769 516 2812 aee
538 2768 648 2831 quoquo
674 2749 756 2809 modo
779 2749 924 2829 perditum
956 2751 1056 2809 iret..
1103 2757 1128 2809 et
1156 2748 1246 2828 plane
1276 2749 1346 2827 fuit,

201 2847 276 2926 quod
298 2849 358 2908 ems
378 2847 560 2910 malebam..
581 2848 756 2919 stimulorm
769 2845 826 2917 Ι111,
850 2846 878 2918 6,
892 2845 949 2918 27;
972 2844 1023 2918 23,
1037 2845 1087 2906 27.
1109 2846 1160 2907 sed
1183 2846 1346 2908 cavendum

200 2952 256 3018 est,
279 2963 318 3006 ne
340 2945 415 3024 apol.
439 2945 467 3018 8,
482 2948 518 3009 11
545 2947 651 3008 eodem
673 2946 760 3006 modo
783 2945 1023 3024 interpretemur,
1052 2943 1102 3006 nbi
1122 2943 1211 3025 plane
1234 2944 1347 3026 quidun

201 3055 349 3104 ..censeo
373 3044 452 3105 inter
473 3063 504 3106 se
527 3044 695 3106 cohaerent.
758 3061 777 3129 J

288 3140 320 3201 in
342 3140 549 3205 minutissimis
571 3161 641 3205 vero
664 3143 752 3204 etiam
775 3141 867 3204 rebus
882 3141 1016 3203 diversus
1039 3142 1251 3224 particularum
1273 3161 1346 3206 usus

204 3256 362 3318 expressus
384 3247 429 3301 est
450 3239 505 3315 ita,
528 3250 562 3303 ut
583 3241 805 3322 coniungantur
815 3241 896 3303 inter
910 3259 942 3302 se
958 3241 1073 3302 diverso
1090 3241 1178 3302 modo
1201 3242 1345 3320 quaedam

200 3335 233 3398 in
253 3346 324 3399 met.
348 3346 378 3400 et
401 3340 505 3402 ceteris
528 3341 645 3420 scriptis
667 3342 712 3402 vel
739 3341 934 3402 adnectantur
962 3339 1086 3402 diverso.
1130 3357 1200 3401 nam
1226 3340 1346 3420 siquid

202 3451 238 3493 ex
259 3437 459 3516 compluribus
482 3439 555 3500 locis
577 3441 622 3502 vel
646 3439 777 3520 undique
799 3446 970 3518 susceptum
992 3457 1058 3500 esse
1080 3445 1234 3512 narratur,
1261 3441 1345 3520 Apu-

199 3532 272 3592 leius
301 3533 333 3594 in
358 3545 426 3597 met.
454 3536 583 3598 scribere
605 3538 682 3599 solet
701 3536 767 3598 brba
788 3537 856 3597 iude
883 3554 966 3598 more
994 3536 1079 3609 Plin.‚
1110 3537 1203 3612 Suet,
1232 3536 1343 3617 Tuast).

198 3629 279 3692 velut
300 3631 336 3705 ll,
361 3633 445 3708 19,3
476 3636 602 3715 epularis
623 3639 715 3698 sermo
740 3634 940 3715 percrebuit..
975 3643 1002 3696 et
1023 3635 1143 3697 cavillus
1169 3636 1234 3698 bine
1263 3637 1344 3709 iude;

198 3726 249 3798 23,
265 3728 305 3789 25
328 3733 455 3795 corbibus
485 3735 682 3814 antependulis
706 3735 772 3796 bueo
800 3733 867 3794 tude
889 3733 1015 3806 dimotos·
1038 3733 1088 3809 30,
1105 3733 1160 3811 233
1183 3735 1231 3809 111,
1256 3735 1342 3810 28,3

199 3828 316 3890 aradis
329 3831 393 3892 bare
413 3833 480 3894 iude
497 3833 725 3907 emortuarum
749 3831 799 3907 29,
816 3831 874 3906 26,
896 3832 942 3906 lv,
967 3833 1017 3905 35,
1033 3833 1084 3894 20.
1123 3833 1212 3896 simili
1226 3835 1342 3898 ratione

197 3929 364 4007 composuit
384 3930 439 3992 ltao
470 3930 573 4010 ittam)
594 3948 649 4011 pro
673 3939 776 3993 nostro
808 3931 882 3992 uacb
915 3931 991 3992 allen
1022 3935 1110 3994 sedere
1141 3933 1213 4007 Vlll,
1247 3935 1276 4009 4,
1304 3933 1341 3994 17

194 4029 273 4106 penis
293 4026 346 4088 leae
367 4027 436 4090 illac
457 4032 578 4091 iactatis
612 4030 664 4091 sed
681 4029 796 4109 antiqui
813 4029 981 4110 scriptores,
1006 4029 1030 4091 si
1054 4029 1160 4092 eodem
1176 4033 1265 4094 modo
1288 4033 1342 4094 ad-

265 4197 285 4258 1)
304 4196 337 4249 el.
356 4198 437 4249 Hand.
456 4198 473 4248 l.
487 4198 504 4248 l.
524 4196 557 4250 lV
577 4197 634 4250 619.

264 4279 283 4342 ²)
304 4278 336 4330 cl.
356 4276 551 4331 liretsebmann.
570 4280 620 4330 1.1.
639 4296 661 4346 p.
677 4281 733 4332 104.

263 4360 283 4423 8)
301 4361 361 4410 leina
378 4360 449 4412 illinc
467 4362 532 4430 apud
551 4360 610 4413 Ter.
630 4369 656 4412 et
674 4360 767 4414 Catuli.
786 4362 827 4428 68,
842 4363 898 4414 133.

263 4441 284 4506 ⁴)
302 4437 352 4492 du.
371 4440 426 4507 lay.
618 4443 623 4453 '
