3324 5238
784 391 916 458 ...60
962 426 1005 438 ..

319 569 420 648 giones
437 567 616 640 habitabant,
632 567 713 629 baud
723 567 818 630 rarius
831 569 971 632 Graecam
982 569 1113 646 linguam
1127 564 1315 644 usurpavisse
1326 563 1468 626 videntur

319 677 350 730 et
362 669 394 730 in
411 667 538 730 familiae
553 667 685 730 coetibus
701 676 731 728 et
744 667 776 728 in
792 667 845 730 viis
862 667 1070 748 compitisque.
1113 674 1193 729 certe
1209 664 1335 744 Augusti
1350 673 1468 745 tempo-

319 767 403 830 ribus
425 767 512 841 Iuba,
535 767 613 846 regis
635 765 792 828 Numidiae
814 768 900 840 lilius,
929 767 954 828 is
977 767 1028 847 qui
1049 767 1188 828 Afrorum
1215 765 1306 826 Varro
1328 763 1469 826 nomina-

319 873 377 937 tur,
400 867 427 928 si
449 867 548 927 minus
570 866 713 942 omniall,
736 867 877 946 pleraque
898 885 990 946 opera
1012 867 1124 928 Graece
1145 863 1333 944 conscripsit,
1361 881 1468 944 quem-

320 983 410 1045 quam
421 965 472 1026 diu
487 965 599 1027 Romae
614 972 747 1028 moratus
761 965 872 1028 Latinis
888 965 982 1027 literis
997 964 1072 1027 bene
1088 964 1251 1026 instructus
1273 970 1344 1024 erat.
1379 969 1469 1043 atque

320 1064 460 1144 Apuleius
483 1064 604 1145 quidem
625 1065 690 1144 ipse
702 1063 908 1142 Seminumida
923 1071 954 1124 et
969 1061 1230 1142 Semigaetulus2),
1253 1061 1305 1142 qui
1320 1061 1469 1142 aliquam-

321 1163 371 1224 diu
394 1163 517 1226 Athenis
539 1163 659 1224 Graecis
682 1162 775 1224 literis
797 1162 938 1226 studebat
965 1181 1082 1224 summa
1105 1181 1173 1224 cum
1195 1159 1346 1240 diligentie
1368 1161 1468 1240 philo-

321 1263 545 1343 sophorumque
568 1262 702 1334 decretis,
725 1262 777 1341 qui
798 1279 852 1342 per
875 1262 945 1325 alias
967 1281 1088 1342 quoque
1118 1262 1252 1324 eiusdem
1278 1267 1376 1322 terrae
1404 1261 1469 1341 pla-

296 1387 298 1392 ·
321 1378 371 1438 gas
393 1360 600 1440 peregrinatus
626 1360 750 1433 videtur,
778 1379 811 1422 se
833 1360 937 1422 eadem
964 1360 1119 1440 elegantia,
1147 1360 1253 1422 eadem
1273 1359 1467 1440 proprietate,

321 1459 423 1522 eadem
448 1459 586 1521 facilitate
608 1468 638 1520 et
658 1459 764 1521 ,Latine
786 1469 818 1521 et
839 1459 949 1522 Graece
971 1459 1064 1522 libros
1080 1459 1246 1525 elaborasse
1262 1462 1468 1538 confiteturtle

323 1561 407 1624 euius
430 1579 495 1622 mos
518 1570 609 1625 notus
631 1570 677 1622 est
699 1561 788 1622 unius
811 1561 951 1622 orationis
974 1561 1095 1624 alteram
1122 1569 1239 1640 partem
1261 1561 1316 1623 hac
1345 1562 1469 1626 alteram

321 1659 369 1722 illa
390 1659 523 1740 lingua⁴l
548 1658 743 1738 exprimendi.
788 1659 887 1740 itaque
915 1678 984 1722 cum
1005 1658 1184 1721 necessitate
1213 1659 1399 1722 efficiendum
1423 1668 1470 1722 est

322 1777 401 1832 eum,
424 1777 502 1838 quae
524 1757 634 1818 Graece
655 1757 764 1838 scripta
785 1759 848 1819 sive
872 1758 996 1836 legendo
1018 1766 1213 1838 pertractaret
1242 1758 1302 1820 sive
1326 1759 1469 1820 vertendo

322 1864 456 1933 novaret,
485 1873 589 1918 eorum
613 1865 642 1917 et
664 1857 827 1919 sententias
852 1875 958 1919 omnes
979 1864 1059 1920 recte
1080 1857 1260 1922 intellexisse
1283 1867 1312 1924 et
1333 1857 1469 1938 singulo-

322 1977 388 2020 rum
411 1957 623 2021 vocabulorum
647 1943 785 2021 notiones
814 1959 879 2021 siue
910 1959 969 2021 ullo
998 1975 1097 2020 errore
1124 1958 1302 2037 dignovisse.
1347 1977 1468 2040 compa·

321 2057 457 2119 mutibus
478 2076 548 2119 vcro
571 2056 711 2120 Latinum
739 2057 775 2118 de
803 2058 915 2120 mundo
937 2057 1046 2119 librum
1074 2075 1141 2120 eum
1164 2057 1267 2120 Gracci
1295 2059 1469 2138 exemplaris

269 2229 272 2236 Ι
321 2155 379 2218 lide
403 2164 433 2219 at
453 2156 520 2218 licet
542 2156 732 2236 neglegenter
753 2156 981 2237 inspicientibus
1003 2158 1099 2238 primo
1115 2156 1222 2219 obtutu
1236 2157 1394 2220 verborum
1409 2159 1470 2220 cir·

322 2257 420 2318 cuitus
443 2265 605 2320 occurrunt
626 2265 688 2318 tam
711 2275 801 2336 prave
823 2255 940 2329 redditi,
969 2265 1002 2318 ut
1022 2258 1112 2319 altam
1135 2257 1339 2337 suspicionem
1361 2258 1468 2320 babea-

322 2375 390 2418 mus
412 2364 564 2418 auctorem
594 2373 700 2437 parum
728 2356 857 2418 Graecae
884 2357 1001 2435 linguae
1028 2356 1168 2436 peritum,
1201 2371 1308 2437 parum
1335 2364 1467 2418 accurate

322 2455 425 2535 primis
448 2455 512 2518 eius
534 2455 692 2526 elementis
715 2455 894 2519 instructum
917 2455 1017 2534 potius
1032 2455 1202 2521 Romanum
1224 2455 1319 2522 luisse
1334 2457 1468 2518 nondum

322 2555 394 2616 satis
415 2554 452 2615 iis
475 2555 580 2618 studiis
606 2553 756 2616 imbutum
784 2573 874 2634 quam
901 2554 1072 2618 Africanam
1099 2555 1320 2618 adulescentem
1349 2553 1470 2634 ingenio

322 2659 521 2732 praestantem
549 2664 578 2714 el
608 2671 643 2716 ex
666 2671 750 2716 more
780 2654 928 2717 cotidiano
955 2664 986 2716 et
1013 2656 1230 2718 consuetudine
1261 2657 1469 2736 indigenarum

323 2751 421 2830 lingua
455 2750 563 2814 Graeca
598 2754 753 2814 commode
787 2771 885 2816 usum.
940 2771 1008 2819 nam
1042 2755 1160 2817 etiamsi
1191 2755 1265 2817 nibil
1296 2773 1334 2818 er
1367 2753 1472 2835 apulei

323 2851 434 2918 Graece
454 2851 573 2932 scriptis
596 2853 632 2915 ad
655 2860 756 2915 nostra
779 2861 914 2934 tempora
936 2863 1147 2934 pervenerunt,
1169 2862 1271 2916 umen
1286 2853 1383 2916 Latini
1405 2871 1471 2916 ser-

323 2949 424 3017 monis
446 2951 523 3017 lauili
544 2951 670 3026 ratione,
693 2953 836 3034 expedita,
859 2952 998 3032 locupleti
1028 2973 1061 3016 ac
1083 2961 1164 3015 certo
1191 2953 1398 3032 grammaticae
1421 2973 1470 3015 re-

323 3049 459 3128 gularum
480 3069 539 3112 usu
561 3060 594 3112 ut
614 3051 825 3114 concludamus
853 3053 1027 3116 adducimur
1053 3061 1144 3133 atque
1171 3069 1371 3133 proponamus
1400 3071 1472 3115 eum

323 3148 479 3210 rhetorum
501 3151 667 3229 praeceptis
690 3152 901 3215 convenienter
933 3161 995 3214 tam
1022 3153 1123 3214 literas
1151 3153 1277 3216 Graeem
1307 3159 1471 3233 pertracta-

324 3247 401 3310 visse
435 3265 523 3327 quam
552 3249 732 3314 Graecorum
766 3251 915 3314 orationes
947 3252 1068 3332 panitas
1100 3252 1286 3329 cognovisse:
1321 3251 1472 3333 siquidem

324 3347 389 3409 eins
410 3347 504 3428 ipsius
519 3349 723 3412 testimonium
740 3350 827 3414 nobis
849 3351 882 3412 in
896 3351 1013 3413 fastidio
1037 3358 1092 3413 est.
1137 3367 1194 3413 nos
1209 3369 1278 3413 vero
1292 3369 1328 3413 ea
1345 3359 1471 3426 tautum,

324 3461 401 3525 quae
423 3448 551 3510 maxime
572 3450 727 3531 perspicua
749 3457 830 3524 eunt,
861 3467 937 3531 quae
959 3449 1066 3511 menda
1090 3449 1253 3530 unicuique
1275 3450 1472 3530 inpromptu

324 3563 391 3606 esse
413 3547 532 3619 debent,
554 3565 726 3627 promemus
749 3547 866 3610 omissis
889 3549 954 3610 aliis
978 3547 1146 3628 dequibus
1170 3547 1278 3627 ambigi
1291 3557 1400 3628 potest,
1423 3549 1473 3610 bic

324 3643 413 3718 utin
436 3643 537 3708 multis
558 3645 776 3708 dissertationis
798 3646 934 3726 partibus
965 3647 996 3708 in
1024 3654 1162 3712 nostrum
1193 3665 1282 3709 usum
1311 3665 1362 3710 ecs
1391 3649 1472 3710 locos

325 3750 543 3817 convertentes
573 3761 650 3824 quos
671 3745 731 3807 iam
754 3743 938 3807 Goldbaeber
968 3745 1169 3826 disputatione
1196 3745 1323 3825 agitavit.
1368 3747 1419 3808 sed
1441 3745 1471 3806 id

324 3841 410 3903 initio
432 3843 566 3916 dicamus
589 3859 644 3906 nos
667 3844 735 3918 iam,
769 3854 928 3926 numquam
959 3845 1153 3910 Goldbacberi
1182 3865 1215 3909 ee
1244 3846 1411 3908 dissertatio
1438 3844 1471 3906 in

326 3939 462 4002 manibus
486 3941 596 4003 nostris
617 3951 707 4016 esset,
729 3943 767 4006 de
783 3953 846 4008 tota
860 3962 894 4006 re
909 3951 1021 4008 certam
1037 3945 1208 4026 opinionem
1223 3944 1373 4019 babuisse,
1397 3963 1473 4024 quae

326 4039 445 4118 quidem
479 4039 526 4102 illa
549 4059 612 4102 non
639 4049 751 4106 mutata
781 4062 883 4108 verum
914 4045 1089 4107 confirmata
1122 4052 1175 4107 cst.
1219 4061 1318 4125 neque
1351 4043 1473 4124 paulum

395 4209 416 4276 ¹)
434 4211 561 4264 incertum
580 4218 628 4276 est,
647 4229 705 4264 num
723 4211 755 4266 de
772 4215 871 4265 Arabia
890 4213 981 4266 Latine
1001 4214 1144 4280 scripserit.
1237 4277 1239 4284 Ι

394 4289 415 4358 ⁹)
434 4289 500 4358 apol.
519 4291 561 4358 24,
575 4293 614 4344 rt.
651 4292 682 4345 cl.
702 4295 827 4362 Sauppius
846 4301 917 4346 nunt.
936 4292 1051 4360 Gotting.
1072 4294 1265 4364 tetraptota.

394 4373 414 4434 ³)
433 4373 499 4441 apol.
518 4373 617 4440 36,10;
636 4375 719 4441 39,7;
738 4375 831 4441 ar,14.

394 4455 415 4518 ⁴)
434 4457 489 4507 dor.
507 4472 531 4523 p.
549 4455 630 4519 ⁸2,·1.
664 4457 694 4508 da
712 4459 759 4510 deo
777 4457 848 4508 Seer.
867 4458 934 4525 prol.
951 4473 976 4525 p.
993 4460 1022 4524 4,
1040 4457 1122 4508 s-tt
1142 4455 1234 4509 Goldb.
