3324 5238
804 428 1025 494 -30-

342 609 504 684 Quiritium
526 609 655 688 linguam
678 625 743 670 esse
764 607 952 669 translatum.
997 608 1067 688 quid
1091 607 1169 688 quod
1191 607 1255 687 ipse
1277 608 1403 672 tortasse
1427 627 1492 670 ma-

342 709 435 789 gister
457 707 607 789 discipulis
631 723 706 787 opus
729 707 808 768 istud
831 707 911 768 velut
933 706 1102 788 exemplum
1125 707 1290 788 proposuit,
1314 706 1393 786 qucd
1416 707 1492 770 deli·

342 816 447 887 gerent
478 807 514 869 ad
547 805 735 868 imitandum.
792 815 822 868 at
855 824 1009 886 nunquam
1033 806 1174 887 Apuleius
1204 807 1299 868 cultor
1328 805 1491 869 iuventutis

342 907 491 968 Romanae
528 913 686 984 rectorque
725 904 893 967 studiorum
932 905 1221 968 adulescentulorum
1264 906 1377 968 Romae
1420 913 1491 992 erat,

343 1006 453 1087 quippe
476 1005 527 1084 qui
549 1003 613 1084 ipse
635 1003 876 1066 adulescentulus
898 1003 1051 1066 deficiente
1079 1005 1221 1085 pecunia,
1255 1013 1291 1066 ut
1319 1004 1350 1066 in
1378 1004 1491 1085 patriae

342 1105 417 1166 fines
440 1103 554 1166 Africae
576 1122 613 1164 ex
636 1102 859 1166 malis'mersus
888 1122 992 1166 rursus
1026 1121 1188 1185 properare
1221 1111 1340 1185 posset,
1373 1103 1490 1183 patroni

342 1211 441 1283 partes
465 1209 563 1283 agaret
585 1219 748 1282 causasque
772 1219 824 1282 pro
847 1202 893 1272 iis,
916 1203 966 1282 qui
988 1203 1055 1264 lites
1083 1203 1288 1272 instituerant,
1317 1202 1491 1281 susciperet.

341 1309 443 1375 restat,
467 1308 499 1363 ut
522 1301 613 1380 lingas
635 1301 716 1363 hunc
738 1300 867 1364 libellum
891 1301 969 1364 inter
991 1319 1041 1364 eos
1064 1302 1166 1374 iuuisse,
1189 1321 1264 1382 quos
1287 1301 1490 1364 Madaurensis

343 1402 456 1463 llonrae
478 1401 588 1462 advena
611 1399 715 1462 latine
738 1401 986 1481 interpretaretur
1000 1402 1066 1480 ipse
1089 1400 1174 1463 ei'rei
1190 1402 1325 1474 studens,
1348 1411 1382 1462 ut
1396 1417 1491 1480 genus

342 1499 491 1562 scribendi
513 1500 675 1573 venustius,
699 1500 823 1572 tornius,
848 1499 970 1573 facilius,
999 1501 1123 1562 facetius
1145 1499 1282 1562 redderet
1303 1500 1492 1578 sermonique

342 1598 457 1662 urbano
481 1599 666 1680 adaequaret.
712 1606 742 1660 at
763 1616 830 1660 cunr
853 1598 915 1678 ipse
938 1599 967 1659 id
991 1598 1140 1678 negotium
1158 1599 1350 1661 aerumnabili
1361 1596 1492 1678 lodore¹)

343 1697 516 1777 adgressum
540 1716 571 1760 se
595 1716 661 1760 esse
684 1697 871 1777 profiteatur,
904 1697 935 1759 id
963 1704 1009 1759 est
1030 1715 1098 1760 curn
1133 1715 1250 1758 summa
1282 1715 1338 1776 cpe
1369 1697 1491 1760 enixum

342 1815 375 1856 se
398 1815 463 1860 esse
486 1795 683 1876 omnibusque
694 1795 793 1858 nervis
807 1795 996 1858 contendisse
1013 1804 1056 1870 ut,
1079 1796 1158 1875 quod
1173 1803 1296 1876 peteret,
1313 1796 1490 1876 adsequere-

342 1905 402 1966 tur,
419 1896 490 1956 'tum
512 1895 670 1975 praecipue
694 1913 757 1956 eam
780 1912 845 1956 rem
868 1894 924 1956 sibi
947 1895 1076 1957 multum
1100 1895 1260 1966 molestiae,
1284 1895 1412 1957 multum
1436 1914 1490 1957 cu·

342 2011 443 2056 rarum
477 1994 635 2056 creavisse:
672 2001 775 2054 tamen
808 1993 839 2054 in
872 1993 948 2056 libro
983 1994 1020 2056 de
1055 1993 1165 2056 mundo
1199 1993 1313 2056 nullum
1346 1993 1491 2056 indicium

342 2093 492 2173 reperitur
508 2093 571 2155 eius
587 2090 738 2164 orationis,
762 2111 837 2172 quae
851 2092 922 2154 artis
937 2091 1102 2173 praeceptis
1119 2091 1192 2154 nihil
1207 2091 1387 2156 conveniens
1402 2111 1490 2172 pere-

342 2192 419 2272 grini
452 2210 557 2272 parurn
591 2192 688 2254 adlruc
721 2190 871 2253 exercitati
905 2209 971 2254 esse
994 2191 1136 2254 videatur.
1187 2191 1309 2263 accedit,
1344 2192 1423 2271 quod
1456 2192 1490 2254 iu

343 2292 478 2373 apologia
500 2309 575 2371 quae
598 2290 715 2363 dicitur,
738 2291 769 2352 in
792 2309 849 2370 qua
873 2307 977 2353 omues
999 2289 1091 2352 libros
1126 2309 1221 2371 nsque
1248 2289 1285 2352 ad
1314 2290 1343 2351 id
1371 2297 1490 2370 tempus

343 2394 494 2452 coniectos
517 2397 547 2451 et
568 2389 689 2451 Latinos
712 2397 741 2450 et
764 2387 890 2450 Graecos
913 2406 1087 2450 enumerare
1102 2389 1229 2459 ridetur,
1251 2387 1331 2452 hunc
1345 2397 1491 2469 perpetuo

344 2489 461 2552 silentio
482 2487 705 2568 praetermittit3
728 2505 825 2567 neque
848 2488 928 2550 enim
955 2489 1104 2550 emacules
1131 2487 1337 2569 quaestiones²l
1364 2507 1399 2550 eo
1421 2505 1492 2567 per·

343 2588 449 2657 tinent,
478 2586 587 2667 quippe
611 2605 686 2666 quae
715 2586 825 2648 Graece
855 2587 982 2667 scriptae
1016 2587 1086 2649 sint.
1131 2587 1335 2668 saepissime³)
1370 2587 1490 2667 quidem

342 2685 383 2747 ibi
405 2684 483 2764 apud
504 2684 617 2748 iudices
640 2685 780 2765 pleraque
803 2686 967 2748 Aristotelis
990 2686 1099 2766 scripta
1127 2695 1344 2766 perscrutatum
1368 2703 1401 2748 se
1424 2703 1490 2748 esse

342 2784 488 2863 novisque
508 2782 637 2846 inventis
660 2783 792 2856 auxisse,
821 2803 896 2864 quae
926 2784 974 2846 ille
998 2785 1155 2860 docuisset,
1186 2793 1300 2857 narrat,
1336 2785 1387 2848 sed
1410 2801 1491 2846 nun-

342 2900 431 2963 quam
454 2881 558 2946 Latine
580 2901 612 2946 se
634 2883 795 2946 reddidisse
817 2901 879 2944 non
907 2883 1002 2946 dicam
1038 2879 1117 2967 napi
1137 2880 1264 2966 κόσμου
1295 2883 1404 2948 librum
1438 2884 1489 2948 sed

343 2982 435 3044 ullum
457 2981 662 3046 Aristotelium
686 2982 854 3046 confitetur.
897 2982 989 3062 igitur
1009 2985 1208 3064 repetendum
1229 2990 1292 3055 est,
1322 2982 1402 3063 quod
1433 2982 1491 3044 iarn

343 3082 410 3160 plus
432 3081 525 3142 semel
545 3081 727 3155 dictumest,
751 3077 891 3142 librum
915 3081 958 3144 de
981 3082 1115 3144 mundo
1138 3082 1182 3144 ab
1205 3081 1374 3164 Apuleio,
1397 3079 1493 3160 siqui·

342 3180 409 3242 dem
433 3179 457 3241 is
480 3180 543 3242 eius
572 3188 676 3242 auctor
709 3189 767 3253 est,
802 3179 997 3242 admodum
1030 3180 1323 3244 adulescentulo
1356 3179 1492 3242 Romae

341 3285 488 3341 tantum
512 3281 728 3342 coniectum
752 3297 832 3342 esse
853 3296 964 3359 posse
986 3278 1144 3342 rhetoricis
1159 3279 1266 3342 studiis
1282 3278 1321 3340 ita
1337 3285 1493 3358 occupato,

341 3384 375 3439 nt
398 3377 499 3439 stilum
523 3377 693 3458 indigenam
715 3379 752 3440 ad
768 3381 929 3459 perlectam
945 3383 1038 3440 artem
1055 3384 1291 3453 consummarem
1313 3376 1401 3456 paulo
1423 3385 1493 3456 post

341 3492 409 3540 cum
438 3484 535 3540 cetera
567 3497 656 3558 opera
687 3478 859 3560 planissime
882 3477 1110 3559 explicarentur,
1137 3476 1203 3549 hoc,
1233 3476 1318 3556 qnasi
1340 3482 1490 3540 auctorem

341 3575 407 3638 eius
430 3577 564 3656 puderet,
586 3577 705 3640 silentio
727 3577 899 3652 conditum,
932 3577 1012 3640 velut
1034 3576 1128 3640 filiurn
1150 3576 1242 3656 patris
1271 3575 1362 3638 domo
1389 3582 1492 3638 emra-

341 3687 408 3736 sunr
432 3693 507 3738 ease.
1269 3687 1271 3694 ’

428 3774 502 3836 haec
530 3791 599 3836 vero
624 3774 650 3836 si
673 3779 753 3838 recte
775 3775 987 3848 conclusimus,
1009 3773 1039 3837 id
1063 3774 1141 3853 quod
1170 3773 1261 3836 totius
1289 3772 1333 3834 rei
1365 3775 1491 3836 fortasse

342 3881 440 3951 caput,
462 3871 554 3936 totius
577 3873 759 3953 quaestionis
782 3875 946 3938 maximum
969 3880 1167 3950 momentum,
1196 3871 1492 3952 gravissimumdis-

341 3971 455 4034 crimen
478 3977 533 4042 est,
556 3970 711 4034 diiudicari
733 3980 841 4051 potest,
865 3974 901 4036 de
931 3991 991 4053 qno
1026 3991 1107 4036 nnnc
1144 3970 1323 4040 sententiam
1356 3978 1490 4034 nostram

341 4069 519 4148 aperiamus.
566 4069 719 4132 in'medio
742 4071 823 4134 enim
847 4074 883 4134 da
906 4072 1019 4134 mundo
1053 4070 1128 4134 libro
1161 4071 1221 4132 duo
1255 4070 1350 4149 capita
1372 4069 1438 4132 Xlll
1462 4077 1492 4131 et

340 4166 404 4228 XIV
436 4166 615 4248 interposita
649 4175 736 4242 sunt,
769 4187 845 4250 quae
873 4170 984 4234 Graeco
1018 4171 1094 4232 lonti
1126 4171 1234 4232 desunt
1267 4187 1322 4230 nec
1355 4169 1392 4231 ab
1424 4170 1491 4248 ipso

342 4273 554 4284 ——-—--

409 4317 429 4384 ¹)
448 4317 513 4371 ceni.
533 4315 670 4371 Graeceius
687 4317 748 4370 laist.
767 4321 882 4373 univers.
902 4321 970 4373 liter.
988 4319 1008 4387 l,
1027 4321 1084 4375 816.

408 4401 431 4466 ¹)
449 4403 513 4469 apol.
533 4418 571 4469 cp.
591 4400 694 4466 36,1t;
714 4400 747 4453 cf.
766 4401 860 4466 38,16.

408 4484 429 4551 ⁸)
446 4485 511 4550 apol.
531 4485 572 4546 36,
586 4483 634 4547 2²3
652 4484 734 4549 40,2;
752 4485 794 4548 41,
808 4485 836 4548 9;
855 4486 897 4551 51,
910 4487 933 4536 5.
