3324 5238
659 423 880 488 „61-

196 602 296 664 mirati
325 609 440 673 sumus,
469 601 548 680 quod
576 601 622 664 vir
648 601 753 664 doctus
781 617 848 662 cum
877 610 938 663 tem
966 602 1061 680 gravia
1090 601 1187 664 Latini
1213 601 1341 666 auctoris

196 701 304 764 menda
328 700 392 781 ipse
414 701 607 776 enucleasset,
631 700 668 762 de
691 701 792 780 Apulei
815 702 989 764 auctoritate
1011 703 1146 765 dubitare
1168 719 1229 764 non
1249 719 1341 766 ausus

196 811 253 864 ost.
287 801 431 862 nimirum
454 808 500 863 est
515 800 604 864 hodie
620 801 822 880 pervulgatum
846 801 956 880 ingenii
971 802 1125 864 facultates
1139 803 1180 864 ita
1196 821 1340 876 exercere,

194 907 228 963 ut
250 900 381 981 antiquis
403 899 599 979 scriptoribus
622 917 655 960 ea
678 899 845 962 abiudicere
867 908 1024 972 conentur,
1054 920 1132 981 quae
1159 901 1224 962 sine
1251 900 1340 964 dubio

194 998 323 1080 genuina
355 1005 440 1060 sunt:
475 1006 658 1078 quapropter
689 1005 770 1058 recte
804 997 976 1072 cavendum,
1010 1018 1048 1062 ne
1080 1000 1160 1062 idem
1192 1008 1340 1080 peccetur.

185 1115 298 1160 verum
321 1097 407 1160 aliter
434 1097 483 1160 hic
510 1116 559 1160 res
582 1116 614 1158 se
641 1096 751 1160 babere
778 1097 903 1172 videtur,
937 1098 973 1160 ad
1006 1117 1095 1179 quam
1129 1098 1340 1180 expediendam

195 1213 277 1260 nunc
298 1197 363 1258 siue
384 1214 469 1258 mora
491 1196 689 1276 adgredimur.

279 1315 310 1376 p.
334 1294 396 1356 392
419 1314 435 1356 a
460 1294 540 1354 1-5
568 1293 767 1356 Belleriauae
798 1295 948 1369 editionis,
983 1296 1034 1359 ubi
1066 1296 1103 1358 de
1133 1297 1228 1360 forma
1261 1296 1341 1374 caeli,

195 1394 259 1456 eius
281 1413 335 1456 axe
356 1394 480 1475 eiusque
507 1392 615 1457 linibus
637 1393 815 1474 disputatur,
848 1395 924 1476 apud
958 1395 1240 1459 Pseudaristotelem
1268 1397 1342 1477 legi-

195 1512 277 1555 mus:
300 1492 364 1556 τῶν
385 1491 424 1555 δὲ
447 1487 609 1575 ἀκινήτων
624 1488 879 1556 adiuvabitur
901 1489 920 1556 ὁ
935 1491 996 1576 μὲν
1011 1489 1064 1556 aial
1081 1492 1222 1578 φανερός
1237 1493 1340 1572 ἐστιν,

194 1589 279 1676 ὑπὲρ
302 1591 449 1678 κορυφὴν
471 1589 526 1672 ὢν,
548 1592 633 1654 κατὰ
654 1591 691 1656 τὸ
715 1592 847 1674 βόρειον
871 1591 972 1676 κλίμα
998 1589 1151 1675 ἀρκτικὸς
1179 1590 1340 1678 καλούμε-

109 1743 112 1748 .
194 1715 259 1768 νος.
304 1688 382 1756 ddi
404 1685 474 1755 ὐπὸ
495 1691 558 1775 γῆν
579 1687 632 1754 ciel
655 1694 934 1775 κατακέκρυπται,
963 1691 1046 1754 κατὰ
1075 1691 1112 1756 τὸ
1139 1690 1253 1757 νότιον
1281 1690 1341 1756 cir-

193 1785 367 1875 ταρκτικός
381 1784 591 1874 καλούμενος.
623 1809 712 1872 quem
727 1791 826 1853 locum
842 1792 875 1852 iu
890 1792 995 1854 Latino
1011 1793 1086 1854 libro
1107 1812 1153 1873 cp.
1172 1794 1199 1867 1,
1217 1793 1339 1856 ts-tt

193 1891 237 1955 sic
259 1908 432 1954 conversum
455 1890 643 1952 invenimus:
669 1908 769 1950 uuum
791 1890 823 1950 bi
842 1894 968 1961 uertices,
992 1909 1060 1972 qnos
1081 1891 1236 1955 imneobiles
1258 1894 1339 1954 dini·

193 2009 268 2063 mus,
289 1994 331 2052 ita
351 1999 427 2063 sunt,
449 1999 593 2071 utsupra
615 1999 700 2070 caput
722 1989 796 2051 alter
824 1990 961 2070 adpareat
989 2008 1026 2052 sn
1043 2002 1128 2072 parts
1157 1993 1265 2062 boreae,
1293 1998 1344 2074 qni

195 2091 426 2172 septentrionalis
446 2100 576 2162 vocatur,
608 2091 681 2152 alter
702 2093 876 2152 antarcticus
902 2090 988 2152 burno
1016 2095 1128 2171 inpetus,
1158 2091 1294 2154 humidus
1315 2101 1342 2153 et

194 2193 332 2252 austrinis
352 2188 508 2269 saputem
528 2187 630 2250 nullu.
674 2205 777 2250 omnes
800 2188 896 2250 adhuc
918 2198 1069 2268 postrema
1091 2188 1181 2251 verba
1208 2190 1342 2252 bunidtu

194 2297 220 2352 st
241 2284 379 2349 austrinis
400 2286 554 2368 vaporibus
576 2287 670 2350 mollis
692 2286 806 2350 adiecta
828 2307 892 2350 esse
919 2289 954 2350 ab
976 2288 1099 2369 Apuleio
1122 2289 1261 2350 videntur
1284 2308 1341 2369 pu-

193 2387 310 2459 tavisse,
332 2394 439 2448 natura
461 2404 535 2467 quaa
557 2394 635 2449 esset
650 2386 769 2449 alterius
784 2387 845 2467 poli
860 2387 1061 2468 designatum.
1105 2387 1157 2450 sed
1174 2388 1224 2468 qui
1243 2387 1341 2464 tiebat,

195 2503 316 2566 quaero,
339 2493 372 2547 ut
395 2485 582 2548 humidam
604 2503 670 2546 eam
694 2504 759 2548 esse
782 2487 988 2560 contenderet,
1011 2487 1047 2548 de
1070 2506 1127 2567 qua
1150 2487 1291 2567 qualitate
1310 2488 1341 2548 iu

194 2584 311 2647 Graecis
334 2584 449 2646 nullum
472 2581 654 2664 vestigium?
697 2584 722 2647 si
745 2585 909 2648 accuratius
936 2603 1000 2649 rem
1023 2587 1244 2666 investigamus,
1273 2605 1343 2649 mox

194 2691 276 2765 patet
306 2683 416 2746 Graeca
449 2684 538 2746 verba
565 2683 639 2744 falso
668 2683 815 2747 intellecta
849 2704 921 2747 esse.
972 2683 1227 2748 Pseudaristotelis
1260 2685 1340 2747 enim

193 2781 277 2846 κατὰ
299 2782 336 2846 τὸ
358 2781 470 2846 νότιον
492 2791 573 2846 certe
594 2801 696 2846 vocem
720 2777 931 2867 ἀνταρκτικός
954 2787 1087 2866 explicat,
1110 2785 1150 2847 ita
1167 2793 1201 2846 ut
1222 2784 1259 2846 iis
1275 2802 1340 2846 ver·
1409 2815 1412 2820 ·

195 2881 239 2946 bis
261 2882 366 2944 Latina
388 2883 589 2964 respondeant
611 2882 685 2944 alter
705 2884 756 2945 sub
779 2895 861 2946 terra
882 2902 994 2965 semper
1016 2883 1142 2946 occultus
1168 2887 1342 2946 antarcticus

194 2993 314 3046 vocatur
347 2982 458 3059 (idest
484 2981 637 3062 oppositus
665 2982 783 3058 arctico,
817 2981 945 3057 boreae),
977 2993 1010 3045 ut
1043 2989 1093 3066 qui
1123 2983 1162 3044 ad
1194 2981 1342 3044 ruem'diene

194 3090 303 3163 spectet.
348 3081 487 3161 Apuleius
520 3080 610 3160 igitur
643 3078 727 3144 κατὰ
758 3077 795 3142 τὸ
829 3076 952 3156 νότιον,
988 3081 1096 3162 quibus
1130 3082 1173 3143 uis
1207 3077 1342 3144 vocabuli

195 3169 408 3260 ἀνταρκτικός
441 3179 630 3260 explanatur,
670 3179 777 3253 ambit,
811 3180 848 3241 de
880 3179 1021 3260 qualitate
1055 3179 1116 3261 poli
1148 3180 1284 3244 lumidus
1315 3191 1342 3243 et

195 3283 331 3342 austrinis
352 3280 506 3361 sepontus
531 3275 626 3341 mollis
653 3277 772 3340 addidit.
818 3287 848 3340 at
876 3275 986 3352 νότιος
1016 3279 1125 3341 Graeca
1152 3279 1252 3358 lingua
1280 3297 1342 3340 non

197 3380 291 3442 solum
318 3380 468 3458 regionem
498 3379 533 3442 ad
556 3375 712 3438 meridiem
739 3395 842 3438 versus
871 3377 959 3438 sitam
987 3377 1143 3457 siguificat,
1171 3378 1225 3439 sed
1252 3377 1340 3439 etiam

198 3477 346 3540 madidum
370 3495 458 3539 omne
481 3485 510 3539 et
530 3476 697 3538 humidum.
742 3473 805 3536 aliis
827 3473 900 3536 locis
923 3475 977 3536 alia
1002 3476 1135 3539 eiusdem
1158 3476 1264 3538 radicis
1287 3496 1340 3539 vo·

197 3575 295 3639 cabula
319 3577 422 3638 eadem
447 3575 567 3638 notione
590 3581 731 3656 usurpata
754 3581 834 3646 sunt,
863 3581 896 3634 ut
917 3594 947 3655 p.
964 3571 1026 3636 394
1049 3596 1065 3638 a
1090 3576 1130 3637 14
1156 3572 1341 3639 redeundi

194 3669 214 3758 ἦ
236 3675 297 3758 μέν
319 3673 389 3738 ἐστι
413 3671 495 3756 ξηρὰ
517 3671 572 3735 καὶ
595 3671 771 3756 καπνώδης
787 3720 794 3735 .
811 3670 855 3758 ,ἡ
879 3672 916 3736 δὲ
938 3671 1080 3758 νοτερὰ
1105 3673 1161 3736 καὶ
1189 3667 1341 3756 ἆτμώδης

195 3771 244 3854 (de
266 3773 379 3838 mundo
402 3773 488 3846 8,12
511 3775 606 3837 altera
626 3771 744 3838 humida
765 3785 791 3838 st
813 3773 948 3856 eqelida);
976 3794 1005 3855 p.
1030 3770 1091 3834 395
1108 3794 1124 3835 a
1143 3775 1179 3836 11
1204 3769 1341 3860 εἶληθὲν

195 3871 232 3936 δὲ
255 3874 387 3958 πνεῦμα
410 3873 446 3937 ἓν
470 3875 562 3956 νέφει
587 3881 737 3953 uexatus
759 3871 815 3936 καὶ
837 3871 987 3957 νοτερῷ
1012 3873 1060 3951 (de
1083 3891 1124 3937 m.
1155 3873 1261 3945 1213
1293 3873 1341 3938 sed

194 3993 259 4035 curn
281 3981 451 4037 tormentum
472 3971 547 4035 allud
568 3977 610 4034 ire
628 3977 721 4056 perqit
743 3973 898 4054 densusque
926 3979 952 4034 st
983 3973 1105 4034 tumidas
1133 3973 1221 4035 nubes
1243 3992 1340 4056 presse

194 4075 278 4154 aqit);
308 4092 338 4153 p.
361 4069 464 4133 3941)
499 4071 539 4134 14
567 4065 599 4133 oi
626 4069 687 4153 μὲν
716 4067 751 4134 ἐκ
778 4071 1071 4154 νενοτισμένης
1098 4071 1156 4154 γῆς
1185 4075 1340 4147 πνέοντες

194 4165 351 4248 ἀπ’όγειοκ
374 4167 526 4248 λέγονται
557 4169 606 4248 lde
629 4169 740 4232 mundo
771 4172 819 4246 10,
835 4167 877 4233 24
899 4175 949 4254 qui
968 4173 1042 4253 facti
1067 4190 1082 4234 c
1109 4171 1219 4235 telluris
1248 4171 1341 4238 halitu

195 4281 324 4333 constant
359 4275 518 4352 terriqenac
550 4273 778 4351 nuncupantur).
830 4280 918 4352 atque
952 4290 1033 4334 nunc
1065 4280 1127 4336 tota
1158 4291 1208 4334 res
1242 4277 1275 4333 ut
1307 4289 1339 4334 se

194 4369 309 4440 habeat,
334 4371 411 4432 clare
434 4372 562 4451 adparet.
607 4370 747 4450 Apuleius
771 4371 850 4432 euim
875 4371 926 4450 qui
942 4371 1049 4434 dicitur
1063 4370 1147 4435 κατὰ
1168 4369 1205 4434 τὸ
1228 4366 1340 4434 νότιον

193 4468 268 4531 falso
291 4469 504 4548 interpretatus
526 4471 558 4530 in
581 4477 719 4532 naturam
742 4470 802 4550 poli
830 4469 982 4533 transtulit
1009 4478 1098 4552 atque
1126 4487 1181 4553 per
1206 4471 1341 4536 lumidus
