3324 5238
635 395 856 460 ..31-

175 582 295 640 tuotone
317 573 422 640 Latino
444 571 555 639 udiuoto
578 581 662 644 suut,
697 573 750 636 sed
787 573 905 636 aliunde
934 571 1100 653 desumpta.
1143 591 1211 636 nem
1235 583 1320 652 post-

175 693 264 755 quem
286 680 353 736 oete
363 685 365 738 ζ
377 678 490 744 uentos,
506 670 583 735 siout
605 671 636 738 in
653 670 763 736 Graeco
779 670 854 734 libro
870 671 1006 752 dispositi
1021 682 1100 745 suut,
1125 672 1319 748 enumeravit,

173 771 343 837 ullomodo
366 769 420 850 qut
438 769 598 838 duodecim
622 789 657 832 er
680 770 752 834 eueli
774 770 945 851 regionibus
967 771 1194 844 distribuantur,
1223 772 1320 852 pergit

175 871 319 937 disserere
340 868 530 941 Favorinum,
554 877 586 932 ut
608 870 657 943 uit,
679 886 739 933 uun
759 869 911 949 tpuolilum
925 873 1078 950 repentem
1093 878 1221 934 secutus.
1242 871 1319 934 ,sed

173 987 270 1050 nuper
292 967 476 1032 intelleutum
499 975 547 1030 est
571 985 605 1033 eo
629 967 722 1047 opita
746 986 806 1030 non
840 988 875 1038 ex
908 969 1027 1050 seriptis
1051 969 1186 1033 Favorini
1220 970 1315 1050 ipsius

174 1067 381 1140 udsuiteesse,
405 1066 457 1131 sed
481 1085 516 1128 ex
539 1068 571 1128 A.
596 1066 669 1132 Gelli
692 1067 824 1130 noctium
848 1068 1011 1132 Atticarum
1033 1069 1054 1129 l.
1075 1068 1102 1130 11
1131 1087 1176 1148 op.
1201 1068 1241 1130 22
1265 1087 1316 1130 err-

174 1175 283 1247 oerpta,
305 1165 337 1226 in
361 1183 420 1244 quo
442 1164 479 1226 de
495 1164 597 1227 eadem
613 1165 751 1226 Favorini
768 1166 910 1230 diuisione
926 1166 1029 1245 egitur.
1061 1184 1137 1246 quae
1153 1167 1318 1246 posteriore

174 1272 268 1332 setete
291 1264 327 1327 ab
357 1263 531 1342 impuluture
561 1263 658 1331 additu
690 1281 756 1328 esse
789 1281 850 1334 non
882 1272 1009 1344 possunt
1031 1265 1215 1345 Apuleianis,
1250 1282 1317 1327 onrn

173 1375 275 1432 suntor
297 1377 346 1437 ee,
365 1383 440 1448 quae
463 1383 499 1425 en
522 1362 779 1430 Pseuderistutelis
811 1363 887 1426 libro
921 1372 1076 1436 secuntur,
1111 1364 1208 1426 verbis
1241 1383 1319 1426 nuno

173 1467 206 1532 ds
228 1467 528 1544 assumpseramus
548 1463 676 1541 rusorum
698 1462 844 1534 adnectat,
868 1461 992 1542 quibus,
1022 1463 1048 1524 si
1070 1463 1130 1524 luo
1153 1463 1201 1524 illu
1224 1464 1319 1542 cupita

174 1565 368 1633 omittuntur.
405 1560 504 1626 nullus
534 1560 659 1628 omnino
686 1578 794 1626 sensus
827 1562 976 1631 subiectus
1011 1563 1098 1634 est¹l
1136 1579 1204 1627 num
1243 1580 1318 1642 quus

173 1672 299 1728 exeunte
322 1661 415 1740 eapite
430 1658 483 1722 ΧΠ
500 1659 639 1725 docuerat
654 1679 719 1728 eum
734 1670 904 1724 tormentum
919 1659 994 1724 illuri
1011 1705 1017 1717 .
1033 1704 1040 1720 .
1057 1661 1181 1722 tumidos
1204 1662 1318 1722 uerter

147 1777 264 1842 -presse
287 1765 344 1840 epit
365 1768 529 1837 tuteturque
552 1757 672 1828 collidit,
698 1759 730 1839 pit
751 1763 858 1820 sonitus
881 1769 907 1822 et
929 1763 1041 1822 retonat
1075 1758 1198 1830 eaelum,
1233 1759 1317 1822 initio

173 1859 224 1926 XV
247 1859 349 1939 eapitis
375 1859 414 1920 ito
449 1856 653 1935 persequitur,
689 1865 723 1917 ut
754 1858 831 1923 eliud
866 1857 973 1936 aliquid
1009 1857 1215 1922 intermissum
1250 1875 1314 1920 esse

171 1967 286 2038 pereat:
310 1957 422 2038 pusulo
444 1954 513 2017 illu
531 1955 682 2034 perfracto
703 1956 884 2019 urrleuulu
901 1958 1068 2035 patefecerit
1090 1956 1214 2027 eoelum,
1237 1960 1317 2037 ipse-

171 2067 252 2122 seuut
270 2054 460 2136 pererratum
481 2056 597 2133 speum
619 2057 772 2134 emicatque
796 2055 850 2120 loe
872 2055 963 2120 olera.
1008 2062 1096 2135 etque
1124 2055 1187 2116 eliis
1220 2055 1317 2118 verbis

171 2162 286 2221 tuntum
311 2154 432 2218 eaedem
448 2152 611 2216 sententies
627 2152 775 2217 Gelliunue
791 2154 955 2234 descriptae
971 2160 1051 2224 sunt,
1073 2153 1160 2216 simili
1177 2173 1316 2218 sermone

170 2252 258 2320 simili
282 2252 456 2324 eluoutiune,
488 2259 522 2312 ut
551 2251 659 2313 Graeca
684 2253 787 2318 [αῐίηο
819 2255 894 2316 iente
928 2260 1008 2316 sunt.
1053 2252 1314 2328 Hildebrandius²l

171 2354 291 2432 quidem
315 2371 347 2414 ea
370 2351 464 2431 nepita
486 2370 521 2414 er
542 2350 681 2418 Favorini
707 2351 802 2431 ipsius
836 2350 918 2420 libris
952 2359 1089 2430 ereerpte
1122 2369 1187 2414 esse
1220 2359 1314 2430 putet,

171 2471 259 2532 quum
281 2451 441 2516 ttoelsoher
468 2449 486 2510 l.
505 2449 523 2508 l.
552 2469 581 2528 p.
607 2450 642 2508 11
672 2451 756 2530 sequi
787 2449 917 2524 ridetur,
949 2449 990 2510 ite
1024 2456 1058 2514 ut
1090 2458 1120 2512 et
1143 2448 1251 2514 Gellius
1285 2459 1316 2514 et

171 2551 309 2632 Apuleius
333 2549 460 2615 eundem
482 2548 581 2613 ionum
596 2549 733 2616 ¹mutuati
753 2549 823 2612 sint
870 2550 921 2612 sed
946 2567 979 2610 ea
1007 2547 1108 2630 opinio
1142 2548 1316 2628 pravissima

170 2658 223 2724 est,
246 2649 386 2730 quonium
408 2648 487 2714 haud
510 2645 629 2714 uirtute
650 2647 848 2714 demonstrari
869 2653 969 2727 potest
991 2647 1145 2727 Apuleium
1169 2647 1221 2727 qui
1243 2648 1315 2712 ‹liui-

106 2815 109 2818 ,
169 2756 219 2813 tur
240 2768 275 2812 ex
299 2747 390 2814 Gellio
413 2756 447 2812 ut
469 2756 604 2812 aesurete
628 2745 668 2810 itu
691 2747 808 2826 stupide
838 2763 963 2826 prorsus
985 2745 1034 2810 illo
1056 2746 1150 2826 eapite
1171 2747 1315 2810 transcri-

169 2847 272 2928 psisse.
316 2863 384 2912 nem
406 2845 517 2911 Gellius
540 2845 660 2926 quidem
683 2863 751 2910 uum
774 2841 872 2916 verbe,
895 2861 971 2924 uuae
992 2845 1055 2924 ipse
1078 2863 1113 2909 ex
1134 2845 1315 2911 Arelatensis

169 2964 221 3011 ore
239 2944 411 3016 ,audivisset
433 2944 605 3020 nurroverit,
630 2951 663 3006 ut
685 2944 775 3018 solet,
805 2944 956 3016 nonnulle,
986 2961 1061 3024 quse
1089 2945 1120 3004 in
1143 2944 1206 3006 eliis
1233 2945 1314 3009 libris

169 3044 206 3106 de
229 3044 331 3116 eadem
354 3043 527 3123 quaestione
549 3043 628 3122 tegit,
651 3043 688 3107 de
709 3043 805 3110 formu
821 3043 976 3110 numinum
998 3044 1110 3109 diversa
1131 3043 1228 3106 adicit.
1273 3046 1315 3108 itu

169 3161 237 3212 oum
260 3142 356 3207 vorbis
377 3147 477 3208 etentes
500 3154 525 3210 et
549 3141 702 3222 prodromi
732 3160 769 3210 eu
792 3143 851 3204 alin
874 3153 957 3223 etque
978 3143 1037 3209 eliu
1055 3153 1140 3223 perte
1162 3144 1235 3206 reoli
1254 3148 1314 3224 spi-

168 3252 236 3307 rutu
259 3251 333 3306 uerte
349 3251 470 3322 ternpore
491 3246 571 3315 enei,
600 3261 665 3310 rum
687 3241 774 3307 Canis
795 3244 889 3307 orirer
911 3243 986 3317 §25
1012 3242 1165 3309 Hertziuni
1188 3243 1315 3322 erempli

169 3341 218 3420 (el.
242 3341 279 3407 ue
295 3343 406 3410 urundo
424 3342 473 3415 14,
489 3343 509 3404 4
532 3353 599 3408 suut
620 3346 719 3406 etesiae
734 3351 760 3406 et
772 3339 924 3420 prodromi
935 3345 1076 3421 spuentes
1090 3361 1128 3404 err
1142 3345 1221 3405 omui
1229 3351 1314 3421 purte

168 3450 347 3520 attempero
369 3443 495 3513 aestuis,
522 3441 596 3522 pund
619 3441 653 3504 ue
677 3439 754 3504 unse
776 3439 883 3520 oritur)
909 3440 1070 3510 Favorinus
1100 3441 1189 3504 linem
1213 3457 1314 3512 rerum

168 3537 390 3625 temptationis
410 3536 518 3602 feeerit
537 3547 625 3620 etque
649 3557 717 3605 eum
738 3539 866 3603 rhetoris
890 3556 997 3618 pompe
1019 3538 1213 3623 peroraverit,
1244 3538 1313 3600 Gel-

167 3637 223 3706 lius
245 3638 390 3704 usonem
412 3637 535 3712 eunium
557 3655 617 3702 non
635 3641 752 3702 eiroium
767 3645 888 3703 rentum
904 3637 998 3699 —de
1021 3657 1079 3717 quo
1103 3635 1177 3712 §20
1202 3638 1313 3710 dictum

168 3744 214 3804 usi
235 3771 275 3780 -
292 3733 496 3803 nominavissu
519 3735 741 3820 adnutut'etque
756 3737 853 3805 lutum
876 3755 911 3800 ex
927 3735 991 3800 eius
1007 3736 1135 3817 scriptis
1158 3737 1209 3816 qui
1224 3754 1312 3816 urgu-

168 3837 330 3910 mentosit,
346 3834 449 3902 alters.
476 3833 503 3896 is
513 3842 624 3912 nutem,
641 3836 692 3915 qui
705 3835 843 3901 Latinum
856 3836 893 3898 de
905 3836 1017 3904 mundo
1029 3834 1138 3901 librum
1152 3834 1313 3903 fabricatus

168 3942 222 4007 osi,
245 3933 382 4022 Fauorini
409 3931 543 4012 Gellique
577 3933 665 3996 verbu
699 3952 760 3998 non
794 3935 978 4015 distinguens
1012 3952 1106 4015 usque
1140 3934 1174 3996 ad
1210 3934 1313 4014 ospitis

168 4033 280 4100 eniturn
302 4031 427 4113 perlegit
449 4039 547 4110 etque,
576 4030 656 4110 qnod
679 4031 722 4095 rei
745 4034 923 4102 eorrveuieus
955 4033 1110 4098 videbatur
1133 4052 1207 4106 esse,
1241 4051 1313 4112 per·

166 4137 262 4210 petua,
276 4131 353 4196 serie
373 4129 525 4204 adnexuit,
550 4147 730 4212 quemquem
753 4131 789 4193 de
812 4133 899 4198 oireio
912 4134 979 4218 ²iarn
1001 4140 1068 4201 ente
1091 4131 1191 4212 viginti
1209 4149 1312 4196 versus

234 4363 254 4425 ¹)
274 4357 339 4412 oonf.
360 4360 521 4413 Golrilsehur
538 4361 556 4411 l.
575 4360 592 4410 1.
612 4377 635 4426 p.
648 4359 705 4410 ust.
725 4361 782 4412 685.

234 4443 254 4507 ¹)
273 4441 393 4494 editionis
411 4441 481 4506 Lips.
500 4441 510 4492 l
529 4443 593 4509 prol.
612 4458 640 4508 p.¹
655 4439 748 4522 xtlit.
777 4514 780 4520 ¹
