3324 5238
630 437 851 500 ...79-

169 616 307 698 polivisse
329 613 535 696 urbanumque
557 634 726 678 sermonem
750 613 806 676 sihi
828 613 994 686 adscivisse,
1018 613 1070 676 sed
1088 633 1241 695 nunquam
1265 615 1315 688 ibi,

169 715 303 797 quamvis
335 733 383 776 res
407 715 493 776 multi
523 715 631 777 laboris
660 722 739 778 esset
767 721 856 794 atque
883 713 1010 788 sudoris,
1038 713 1170 776 officinas
1199 716 1315 777 dicendi

167 815 403 895 frequentavisse
426 823 475 876 aut
490 815 644 876 rhetorum
661 814 812 877 continuis
829 814 992 894 praeceptis
1015 820 1134 876 auctum
1150 833 1215 876 esse
1230 815 1314 876 adiu-

167 923 302 994 tumque.
346 913 404 975 illic
426 913 554 994 denique
576 914 763 976 fortunarum
787 913 933 993 angustiis
961 920 1097 975 coactum
1120 911 1219 974 ferum
1246 931 1314 975 eum

167 1013 297 1093 attigisse
320 1021 408 1091 atque
438 1013 535 1074 causis
563 1013 696 1076 dicendis
730 1030 850 1093 operam
878 1012 995 1075 dedisse
1027 1033 1062 1074 en
1092 1019 1163 1073 met.
1192 1012 1240 1087 Xl,
1264 1009 1315 1083 28,

168 1111 266 1191 lbsq.
290 1110 438 1172 videmus:
475 1131 547 1191 puae
572 1131 618 1173 res
639 1157 671 1172 ..
705 1117 811 1174 uictum
843 1113 1004 1174 uberiorem
1031 1112 1264 1173 subministrabat
1284 1155 1313 1172 ..

169 1211 341 1291 quaesticulo
363 1212 475 1290 [111111
488 1215 597 1273 nutrite
616 1229 671 1290 per
688 1213 852 1290 potroclula
874 1216 1013 1273 sermonis
1034 1211 1173 1284 llomeul3
1197 1211 1233 1272 de
1257 1229 1315 1291 quo

170 1309 235 1370 loco
257 1308 467 1388 bernhardyns
491 1310 558 1371 hist.
583 1309 626 1371 111.
650 1309 754 1370 Rom.8
770 1328 799 1390 p.
814 1309 877 1371 730
901 1311 1010 1372 exitum
1034 1310 1315 1390 metamorphoseon

169 1408 229 1471 ritu
245 1409 386 1470 historiae
409 1409 489 1470 Petri
515 1408 684 1470 Schlemihli
699 1407 735 1468 ah
759 1408 923 1470 fabularum
947 1409 1065 1470 11111111
1088 1407 1255 1487 digressum
1279 1410 1315 1470 ad

170 1509 299 1570 auctoris
322 1508 414 1589 ipsius
437 1525 594 1588 personam
611 1508 761 1588 pertinere
784 1508 941 1568 adnotavit.
987 1523 1021 1566 ac
1050 1512 1166 1569 constat
1195 1508 1316 1587 quidem

168 1607 394 1670 Madaurensem
417 1608 504 1670 vitam
529 1607 565 1668 ab
588 1608 727 1670 vicesimo
755 1606 860 1685 quinto
883 1605 1001 1668 circiter
1027 1623 1106 1667 anno
1130 1641 1170 1650 -—
1192 1625 1262 1668 nam
1285 1608 1315 1668 id

168 1705 359 1768 inimicorum
383 1707 570 1769 accusatione
582 1708 746 1786 'probatur
760 1741 800 1750 —-
823 1706 853 1765 in
871 1704 967 1766 Africa
983 1704 1109 1783 degisse,
1132 1706 1215 1785 prius
1230 1725 1316 1787 pere-

169 1806 315 1885 grinatum
339 1823 393 1886 per
415 1813 513 1867 terrae
535 1806 665 1884 singulas
693 1813 803 1884 partes,
833 1803 982 1883 posterius
1010 1811 1184 1884 perpetuam
1213 1805 1315 1868 sedem

169 1903 346 1982 Carthagine
378 1905 528 1968 habuisse.
583 1904 815 1966 hildebrandius
849 1921 916 1964 vero
947 1903 1085 1964 editionis
1119 1904 1315 1985 Lipsiensis!

168 2023 197 2085 p.
220 2003 296 2064 111111
309 2023 353 2084 sq.
377 2004 542 2084 apologiam
565 2004 696 2064 habitam
719 2021 785 2064 esse
807 2001 884 2064 intra
906 2019 1001 2062 annos
1026 2001 1086 2062 154
1110 2011 1139 2064 11
1156 2003 1216 2066 158
1233 2023 1316 2066 com·

168 2103 292 2183 putavit,
325 2109 413 2182 atque
436 2102 592 2182 Apuleium
627 2111 729 2164 natum
764 2119 832 2163 esse
862 2101 940 2163 intra
969 2118 1064 2162 annos
1101 2099 1160 2161 tao
1193 2110 1223 2163 et
1255 2102 1315 2164 132

169 2201 319 2264 Hadriano
342 2201 516 2282 imperante,
548 2202 578 2262 id
602 2202 681 2281 quod
704 2219 798 2281 prope
828 2201 864 2260 ad
887 2219 991 2262 verum
1014 2201 1153 2263 accedere
1184 2221 1238 2264 nes
1262 2205 1314 2266 ad-

170 2301 331 2377 11111111
364 2299 527 2362 1111111111
556 2320 581 2362 1.
608 2299 667 2361 125
701 2299 818 2362 circiter
844 2318 914 2360 eum
943 2305 1046 2360 natum
1074 2317 1138 2362 esse
1167 2301 1314 2365 describit.

168 2401 238 2462 inde
261 2400 387 2462 eflicitur
409 2401 470 2461 1111
493 2418 518 2462 a.
537 2400 596 2461 150
619 2399 776 2479 Apuleium
793 2399 904 2461 Romae
920 2407 1069 2460 versatum
1086 2418 1160 2463 esse.
1205 2403 1314 2466 iterum

170 2508 269 2564 autem
300 2519 368 2563 eum
403 2508 490 2579 atque
524 2500 622 2561 denuo
658 2497 781 2559 Romam
805 2498 922 2560 venisse
954 2513 1017 2560 non
1045 2501 1231 2579 exploratum
1260 2511 1314 2564 est.

169 2618 268 2680 neque
289 2599 319 2660 id
341 2599 491 2679 probabile
519 2598 644 2667 videtur,
679 2597 821 2677 quoniam
849 2605 878 2658 et
910 2598 941 2658 in
971 2597 1172 2662 mediocribus
1200 2599 1314 2664 Africae

170 2697 338 2760 civitatibus
361 2705 391 2759 et
412 2699 444 2759 in
466 2696 541 2760 urhe
564 2696 739 2774 Carthagine
766 2697 828 2776 ipsa
858 2703 972 2758 statuae
981 2696 1007 2776 ¹)
1038 2697 1064 2758 ai
1088 2699 1222 2762 decretae
1245 2709 1315 2762 sunt

170 2797 318 2878 posterius
349 2805 378 2858 et
406 2797 602 2860 sacerdotium
631 2796 767 2858 collatum
796 2803 851 2859 est.
896 2796 960 2875 ipse
992 2814 1062 2856 vero
1095 2813 1249 2878 nunquam
1283 2818 1315 2861 se

170 2897 264 2959 civem
298 2895 465 2958 Romanum
498 2915 563 2958 esse
595 2895 749 2974 gloriatur,
789 2912 892 2954 verum
932 2895 1185 2958 manifestissimis
1218 2897 1314 2958 verbis

170 2997 273 3060 111111
297 2995 409 3076 patriae
432 3014 494 3058 oon
516 2994 670 3075 paenitere
697 2992 881 3073 pronuntiat.
926 3011 1022 3074 neque
1049 2995 1143 3057 ullum
1170 2995 1313 3057 indicium

170 3095 201 3158 in
224 3093 328 3174 Apulei
349 3095 466 3175 seriptis
488 3093 649 3164 invenitur,
673 3093 753 3154 unde
775 3092 892 3172 colligas
909 3093 997 3154 modo
1013 3094 1126 3156 Romae
1141 3111 1208 3156 eum
1225 3095 1314 3156 modo

170 3193 441 3257 1111111111111
465 3213 500 3256 ae
521 3191 704 3255 domicilium
728 3191 925 3265 collocavisse,
956 3192 986 3253 id
1015 3193 1094 3274 quod
1122 3193 1205 3256 verbi
1228 3213 1314 3259 causa

170 3292 330 3355 1111111111
359 3293 517 3355 scholiasta
546 3291 709 3354 Porfirione
739 3289 772 3352 0.
795 3291 892 3352 1111111
918 3291 1122 3371 symbolorum
1150 3293 1315 3373 philologo·

168 3411 237 3456 rum
261 3393 465 3456 Ronnensium
489 3393 519 3454 in
543 3394 688 3455 honorem
711 3391 759 3451 Fr.
782 3389 924 3452 Ritseheli
947 3390 1136 3452 collectorum
1157 3393 1183 3453 11
1205 3412 1234 3472 p.
1252 3391 1313 3453 495

169 3492 296 3572 probare
329 3499 455 3553 conatus
481 3499 537 3554 est.
581 3492 690 3572 itaque,
724 3489 750 3552 si
776 3490 809 3551 L.
838 3489 978 3570 Apuleius
1007 3499 1109 3552 auctor
1137 3491 1173 3552 de
1201 3492 1315 3554 mundo

169 3589 245 3652 libri·
259 3598 313 3663 est,
346 3589 601 3652 Pseudaristotolis
635 3587 686 3670 qui
713 3587 887 3650 inscribitur
920 3590 997 3667 περὶ
1026 3585 1151 3670 κόσμου
1177 3592 1314 3652 iuvenem

169 3707 263 3752 annos
286 3688 390 3767 viginti
413 3696 443 3750 et
464 3706 573 3769 paucos
596 3697 700 3752 natum
730 3707 797 3750 eum
827 3688 857 3748 in
880 3686 1014 3750 Latinam
1038 3689 1169 3768 linguam
1193 3689 1315 3752 vertisse

170 3796 297 3870 oportet,
322 3805 390 3850 cum
413 3805 449 3849 ex
471 3787 591 3850 Graecia
616 3788 735 3850 veniens
757 3787 958 3868 grammaticis
974 3788 1080 3850 studiis
1103 3788 1315 3870 et'cognitoris

170 3888 337 3968 celerisque
360 3886 464 3950 officiis
488 3891 649 3967 occupatus
671 3895 751 3949 esset
772 3887 803 3948 in
826 3887 891 3948 loro
914 3886 996 3949 urhis
1013 3889 1132 3949 Romae.
1178 3889 1230 3950 sed
1246 3905 1313 3950 eum

169 3987 233 4067 ipse
256 4005 424 4049 sermonem
455 4005 487 4047 se
516 3985 661 4047 urbanum
695 3986 777 4048 nullo
806 3990 941 4066 meplstro
966 3997 1120 4066 praeeunte
1153 3987 1315 4048 excoluisse

170 4086 340 4158 contendat,
363 4083 439 4146 nihil
455 4094 510 4158 est,
527 4101 578 4146 eur
594 4084 796 4156 existimemus
810 4085 842 4146 in
859 4085 928 4147 ludo
940 4083 1099 4162 rhetorico,
1122 4086 1153 4147 in
1169 4102 1228 4167 quo
1244 4103 1315 4148 sua-

168 4183 265 4248 soriae
295 4193 324 4246 et
359 4183 578 4247 controversiae
615 4185 844 4258 exercebantur,
882 4185 1025 4248 Graecum
1054 4185 1185 4248 libellum
1213 4187 1249 4247 ah
1280 4205 1314 4246 eo

170 4284 240 4346 artis
262 4284 467 4363 grammaticae
490 4283 622 4348 studioso
645 4283 824 4364 limandique
856 4285 972 4364 generis
1000 4283 1118 4348 dicendi
1146 4283 1254 4372 cupido
1283 4283 1314 4346 in

237 4492 342 4565 1)1111”.
361 4495 415 4548 her.
435 4497 512 4564 put,
528 4497 566 4550 14.
586 4497 625 4549 18.
