3324 5238
820 384 1053 450 -34-,

354 577 428 632 eum,
448 561 554 622 iamlam
573 578 602 620 ae
615 569 648 622 ut
670 559 783 622 adridat
805 559 904 641 affecit,
927 579 1020 640 aeque
1043 579 1076 624 ae
1098 561 1182 641 prius
1197 561 1326 626 seribere
1347 580 1437 626 ausus
1452 573 1500 628 est

353 657 479 720 Sisenna
508 657 566 738 (ap.
597 657 728 720 Nonium
757 677 784 738 p.
817 656 887 732 127,
910 659 1046 722 29--32
1075 659 1175 740 llere.)
1202 665 1307 726 inutr'm
1334 662 1500 732 Numicium

350 755 462 833 flumen
483 756 679 818 obtruncatur.
723 758 811 826 intua,
833 757 912 834 quad
934 756 1091 840 Lueretius
1115 765 1144 822 et
1166 758 1310 838 Vergilius
1332 777 1399 828 eum
1415 761 1498 824 abla-

351 855 420 926 tiva,
455 853 628 916 Scribonius
661 872 729 916 eun]
764 853 960 935 auuusatirol)
994 855 1156 931 uaniunsit,
1190 866 1259 920 met.
1286 858 1359 933 vlu,
1387 857 1438 931 29,
1456 859 1496 920 21

350 953 520 1032 genetivum
543 953 618 1034 regit
637 957 716 1016 intus
735 954 850 1016 aeduum
870 955 967 1018 audita
981 955 1084 1018 rualitu
1097 974 1166 1019 mea.
1214 957 1289 1020 adde
1303 957 1386 1038 lange
1405 960 1498 1023 semel

350 1069 419 1114 eum
442 1053 607 1114 accusativa
637 1053 657 1125 Ι,
683 1052 732 1124 19,
745 1052 785 1114 20
807 1053 886 1116 lraud
907 1057 949 1116 ita
970 1055 1051 1136 lange
1072 1056 1184 1118 redime
1202 1056 1320 1136 platani
1345 1058 1417 1120 unte
1435 1058 1500 1136 llu-

349 1155 413 1213 uius
429 1195 436 1212 .
453 1195 460 1212 .
475 1151 543 1224 ibat,
566 1152 659 1212 semri
681 1169 749 1214 eum
772 1151 908 1230 genetiva
932 1159 1135 1218 constructum
1158 1173 1225 1216 esse
1253 1154 1284 1230 V,
1308 1153 1337 1228 9,
1351 1154 1392 1218 26
1415 1157 1498 1237 lunge

345 1261 501 1331 pareutum
522 1251 600 1313 uelut
620 1251 779 1314 exulantes.
825 1270 879 1331 pro
902 1252 1123 1331 praepositione
1151 1253 1287 1317 elautus
1314 1253 1345 1316 in
1375 1263 1496 1320 melam

347 1357 526 1430 usurpatum
558 1358 604 1413 est
629 1351 664 1422 ll,
694 1349 778 1422 28,5
808 1359 876 1412 tuna
903 1354 1040 1414 mentem
1068 1352 1202 1414 adversus
1227 1355 1402 1416 incramenta
1427 1353 1499 1416 ralia

351 1454 468 1530 augusti
487 1454 590 1512 taeitua
610 1453 789 1528 imprecatus.
826 1447 1002 1512 adieetirum
1024 1450 1143 1529 quidem
1165 1451 1242 1530 apud
1265 1458 1370 1530 poetas
1393 1459 1424 1512 et
1446 1469 1496 1512 re-

348 1549 496 1612 nuntiares
518 1548 670 1610 invenitur
691 1547 783 1627 (apud
807 1553 944 1610 nostrum
966 1548 1028 1608 tlur.
1053 1567 1082 1627 p.
1100 1547 1150 1621 30,
1167 1547 1207 1610 29
1230 1548 1422 1628 sophistarum
1443 1567 1496 1612 ar-

345 1655 480 1726 gumenta
502 1647 621 1708 aduersa
646 1649 767 1709 inuicem
789 1694 796 1707 .
816 1690 822 1705 .
844 1649 920 1728 iuter
940 1663 970 1708 ae
992 1645 1163 1722 cohaerere),
1187 1647 1240 1712 sed
1263 1647 1494 1728 praepositionis

346 1746 441 1807 instar
463 1763 532 1808 eum
554 1745 720 1808 accusativo
750 1763 766 1805 a
795 1745 877 1806 nullo
905 1753 951 1806 est
978 1744 1181 1808 coniunctum.
1227 1753 1326 1820 restat,
1355 1755 1388 1810 ut
1410 1757 1495 1818 ¹retra

346 1861 626 1914 eummemaremus‚
657 1843 736 1924 quod
764 1842 873 1922 legitur
904 1842 951 1914 Vl,
975 1841 1003 1915 8,
1020 1842 1060 1904 29
1093 1846 1180 1924 sigum
1208 1863 1227 1906 u
1251 1845 1325 1925 suga
1346 1843 1494 1908 retrudere

345 1943 392 2005 uel
412 1943 554 2007 amultam
575 1943 770 2004 demonstrare
788 1945 893 2021 pateret
914 1942 1067 2021 fugativam
1087 1946 1161 2024 regis
1182 1943 1274 2024 ntum
1291 1987 1321 2004 ..
1344 1949 1494 2010 conveniat

344 2052 424 2104 retra
445 2052 534 2105 metas
555 2041 682 2104 Murciae
707 2040 886 2104 Mercurium
908 2042 1136 2120 praedicatorem
1168 2042 1185 2104 i.
1211 2061 1236 2104 e.
1270 2043 1307 2104 ad
1341 2061 1389 2106 eas
1422 2042 1492 2107 sirei

344 2141 464 2204 maximi
487 2128 591 2214 metas,
615 2160 689 2220 quae
709 2158 802 2221 prope
818 2139 1011 2215 aediaulam²i
1034 2141 1154 2203 Veneris
1169 2140 1299 2207 Murciae
1321 2140 1489 2214 nitrosum,

344 2241 497 2320 oppositae
524 2240 591 2312 illis,
620 2258 694 2318 quae
717 2239 754 2301 ad
784 2256 915 2300 carceres
949 2239 1119 2300 aedificatae
1149 2247 1230 2304 sunt.
1277 2246 1322 2302 ter
1354 2239 1489 2305 similiter

342 2339 416 2400 uada
438 2348 515 2400 retra
536 2357 581 2400 me
603 2337 769 2416 invulgata
790 2337 915 2416 reperiri
938 2344 1086 2398 monstrat
1101 2337 1269 2400 Rdnschius
1291 2338 1311 2400 l.
1330 2338 1348 2399 l.
1371 2357 1398 2418 p.
1415 2335 1484 2398 399.

342 2451 497 2517 nunquam
519 2436 550 2497 in
573 2435 729 2496 rhetoricis
752 2435 855 2514 Apulei
878 2433 960 2496 libris
984 2434 1114 2498 adverbii
1139 2435 1221 2498 notia
1243 2435 1316 2498 item
1331 2436 1484 2498 immutata

343 2545 398 2609 est,
421 2553 531 2614 nempe
554 2533 694 2614 queniam
718 2551 733 2593 a
756 2538 819 2622 tata
842 2551 947 2597 eurum
969 2550 1110 2596 sermone
1132 2533 1280 2596 abhorret.
1326 2551 1395 2596 nam
1418 2551 1487 2596 eum

341 2632 451 2706 laeum,
474 2633 525 2713 qui
548 2633 721 2694 etiamnune
742 2630 774 2692 in
797 2631 936 2696 omuibus
958 2631 1059 2694 lexicis
1086 2633 1193 2696 citatur
1216 2651 1251 2694 ex
1273 2633 1350 2712 apul.
1373 2651 1420 2713 ep.
1436 2633 1488 2706 50,

340 2732 361 2794 6
384 2751 419 2795 aa
435 2777 441 2792 .
457 2786 464 2802 ,
482 2731 558 2794 tales
580 2733 606 2791 ai
617 2730 700 2809 [aras
715 2732 842 2808 carparis
852 2732 1040 2808 praeptrauit,
1063 2730 1235 2794 iamdudum
1251 2730 1391 2794 Prieneus
1406 2740 1488 2792 reete

341 2831 416 2894 mihi
437 2832 521 2910 faras
543 2845 660 2908 turpare
682 2827 884 2890 emendavisse
907 2827 1033 2891 ridetur.

426 2931 477 2992 sed
506 2935 692 2990 revertamur
717 2926 753 2989 ad
783 2945 831 2990 eas
861 2927 1030 3006 particulae,
1061 2927 1193 3007 quaein
1221 2927 1293 2991 solis
1324 2937 1487 3003 metamur-

340 3027 485 3110 phasibus
509 3033 667 3105 usurpatae
689 3034 769 3097 sunt,
800 3043 928 3106 quorum
949 3026 1082 3105 linguam
1106 3025 1219 3090 scilieet
1241 3033 1274 3090 ut
1297 3035 1348 3092 aut
1369 3027 1484 3108 puiseae

339 3135 391 3191 aut
413 3127 547 3205 vulgares
569 3124 647 3184 varie
669 3123 865 3200 distinguunt.
912 3124 971 3186 iam
994 3125 1124 3204 primum
1147 3125 1192 3197 iis,
1216 3144 1288 3206 quas
1312 3145 1400 3206 supra
1414 3145 1486 3206 pra·

338 3226 473 3298 tulimus,
503 3225 637 3302 motinus
669 3222 853 3292 adseramus,
888 3241 964 3302 quae
993 3222 1164 3303 saepissime
1196 3223 1234 3284 de
1258 3243 1291 3288 ea
1312 3242 1346 3286 re
1367 3224 1484 3300 dieitur,

339 3321 599 3405 quaesusaipitur
621 3321 821 3398 simulatque
850 3320 903 3387 alia
925 3323 1055 3411 perlaeta
1078 3327 1138 3382 est:
1167 3321 1202 3394 ll,
1230 3323 1277 3395 14,
1290 3321 1330 3386 26
1357 3324 1427 3394 lame
1452 3341 1484 3386 ea

339 3423 433 3485 addua
463 3430 605 3483 narrante
634 3430 739 3484 maeste
768 3416 861 3484 Carula
891 3419 940 3482 ille
966 3423 1126 3500 negotiator
1160 3422 1296 3500 eerreptis
1328 3423 1486 3496 nummulis

337 3525 397 3584 auis
413 3563 420 3581 .
437 3523 591 3600 protinus
606 3520 735 3598 aufugim
764 3517 814 3592 24,
828 3519 882 3594 20;
911 3519 1008 3594 25,·1;
1031 3518 1082 3592 31,
1096 3517 1132 3596 8;
1163 3519 1213 3592 111,
1245 3520 1292 3594 13,
1305 3522 1339 3596 2;
1368 3520 1417 3596 18,
1429 3521 1484 3596 2ος

337 3624 383 3698 lv,
410 3623 458 3697 12,
472 3621 530 3697 20·,
560 3620 609 3696 16,
624 3623 679 3696 153
715 3619 763 3694 18,
782 3618 838 3696 23;
871 3620 991 3694 26,27;
1025 3620 1143 3695 27,28;
1174 3622 1209 3696 ,V‚
1234 3621 1332 3696 9,20;
1365 3621 1415 3695 21,
1428 3620 1483 3696 20;

338 3727 551 3738 *μυ-ιι.-

406 3777 428 3840 ¹)
447 3774 478 3826 ei.
498 3776 611 3838 Draeger
629 3775 647 3825 l.
666 3775 684 3825 l.
705 3772 714 3824 1
733 3773 782 3825 621
801 3771 899 3842 (664²).
932 3770 1042 3825 Riinseh.
1062 3775 1080 3826 l.
1100 3777 1117 3826 l.
1136 3793 1160 3843 p.
1174 3775 1232 3826 399.

405 3854 427 3920 ²)
446 3871 500 3907 aean
519 3856 661 3908 aediculam
685 3855 754 3907 iutra
776 3869 873 3906 murum
898 3855 971 3920 sirei,
998 3855 1101 3908 scilieet
1118 3871 1168 3906 non
1187 3864 1379 3920 exauguratus,
1402 3853 1482 3908 inisse

337 3939 479 4006 anaglypho
507 3938 666 4002 Fulginiensi
694 3938 883 3989 demonstretur
909 3943 984 4003 atque
1011 3938 1104 3990 nummi
1131 3939 1285 4004 temporibus
1309 3938 1400 3992 Seueri
1415 3953 1483 4004 msa·

336 4021 406 4072 ossei
435 4021 561 4086 imagine,
588 4022 619 4072 de
645 4019 736 4091 quibus
759 4020 865 4072 dueatur
891 4035 905 4070 a
928 4018 1138 4084 Zanganeistere
1165 4020 1254 4071 arcuali
1278 4019 1338 4077 dell'
1363 4021 1482 4072 metitum

338 4102 403 4154 1870
421 4119 443 4170 p.
458 4101 508 4155 245
519 4118 571 4170 σιμ
592 4102 643 4154 lul.
657 4101 856 4154 Friedlaeudero
875 4108 924 4152 aet.
938 4101 1027 4154 maiar.
1040 4104 1150 4154 academ.
1164 4101 1248 4152 Barol.
1269 4101 1333 4154 1813
1352 4118 1375 4170 p.
1389 4102 1481 4168 613ᾳῆ

335 4185 366 4236 Η.
385 4185 494 4236 dardana
507 4185 614 4252 sermea
637 4185 708 4236 urbia
731 4200 754 4250 p.
770 4184 809 4246 11,
832 4183 953 4250 descript.
977 4183 1095 4250 antiquae
1112 4182 1184 4233 urbis
1203 4179 1221 4246 Ι,
1247 4182 1302 4233 194.
1337 4189 1392 4233 tata
1418 4185 1481 4234 vera

335 4281 378 4316 res
406 4265 500 4334 optime
527 4262 677 4317 illustratur
699 4262 811 4315 lamellis
838 4263 940 4314 aheneis
966 4279 1100 4316 serrarum
1117 4261 1295 4328 lugitivorum,
1322 4277 1426 4330 quarum
1444 4263 1481 4313 iu-

334 4346 488 4412 seriptionas
501 4346 582 4398 edidit
599 4346 715 4397 Orellius
732 4343 910 4409 2830-2833,
937 4360 1016 4398 navas
1034 4345 1127 4398 adiecit
1146 4346 1175 4397 de
1193 4343 1301 4398 floreius
1319 4344 1437 4398 dulletino
1454 4343 1484 4396 di

333 4429 404 4480 areli.
421 4429 492 4480 erut.
513 4427 577 4482 1863
596 4444 620 4494 p.
633 4427 681 4491 253
706 4426 771 4478 1814
789 4442 812 4492 p.
832 4425 865 4476 49
875 4442 911 4492 sq.
