3324 5238
783 415 1004 480 ...62-

319 593 493 657 rocabulum
517 595 653 669 reddidit,
684 595 764 676 quod
788 593 1018 675 amplificaturus
1046 597 1184 658 custm'ru'e
1211 593 1363 676 abpcrrbus
1391 595 1466 657 mob-

320 693 355 755 iis
376 693 473 754 verbis
496 693 585 755 auxit.
624 713 661 756 an
683 693 761 755 forte
777 693 959 755 nescientem
975 693 1066 755 mavis
1088 700 1187 754 utram
1208 693 1362 756 notionem
1384 695 1466 757 vocis

318 791 546 874 amplecteretur
568 802 726 874 utramque
749 811 818 856 eum
848 793 1027 873 expressisse
1054 798 1144 872 atque
1178 791 1217 855 ita
1245 792 1411 856 tumidus
1439 803 1467 856 et

318 896 503 956 austrinis
524 893 680 974 vaporibus
700 891 796 953 mollis
818 887 1029 953 coniunxisse?

372 1025 374 1034 ’
404 1009 479 1071 adde
500 1027 529 1090 p.
554 1007 646 1071 3981
671 1005 710 1071 33
734 1004 854 1090 νομούς
869 1016 899 1070 11
914 1001 1036 1090 νόμους
1058 1007 1215 1070 verborum
1231 1007 1369 1072 notiones
1386 1008 1466 1072 inter

318 1129 349 1172 se
372 1107 562 1171 conturbatas
585 1127 650 1170 esse
672 1115 701 1170 et
724 1103 792 1191 ἢθη
815 1107 888 1170 11111
911 1126 1096 1171 conversum.
1141 1125 1211 1169 nam
1234 1108 1344 1169 Graeca
1361 1105 1403 1170 -τὸ
1428 1105 1466 1170 δὲ

315 1215 472 1292 χερσαῖον
501 1205 548 1280 εἷς
576 1203 618 1267 τὰ
645 1203 788 1290 σφέτερα
811 1202 879 1290 ἤθη
903 1206 959 1268 καὶ
980 1204 1101 1288 νομοὺς
1131 1202 1339 1290 διεξερπύσει
1363 1205 1466 1268 Latine

317 1307 387 1369 iecit
409 1305 459 1379 28,
478 1305 516 1367 16
538 1305 591 1368 1111
612 1310 687 1368 iuter
709 1308 815 1368 cicures
830 1315 912 1387 atquc
934 1297 1056 1386 agrestes
1078 1305 1183 1387 lapibus
1205 1313 1232 1367 et
1252 1309 1387 1368 institutis
1407 1310 1467 1368 suis

318 1405 559 1488 adprcpabuutur,
592 1403 643 1467 ubi
678 1406 717 1467 ad
738 1423 807 1468 suus
837 1405 913 1468 sedes
945 1425 977 1467 11
1010 1403 1095 1466 solitu
1122 1423 1234 1486 pascuo
1267 1411 1464 1486 exspectatur.

317 1505 481 1586 quievero
502 1505 528 1566 is
550 1511 610 1565 tam
626 1504 710 1566 rudis
733 1511 793 1566 tam
816 1503 971 1584 imperitus
993 1505 1111 1584 linguae
1133 1505 1246 1566 Atticae
1268 1503 1339 1578 init,
1373 1511 1406 1565 ut
1427 1521 1466 1565 no

315 1603 369 1666 has
393 1603 513 1685 quidem
535 1621 622 1665 voces
646 1603 738 1665 cuivis
761 1603 837 1664 bene
859 1603 991 1682 cognitas
1020 1603 1201 1683 distinguere
1234 1598 1357 1684 posset?
1390 1621 1464 1665 num

316 1703 352 1775 is,
369 1703 420 1784 qui
435 1703 632 1783 permultum
648 1701 792 1782 temporis
807 1701 932 1763 Athenis
947 1701 1152 1782 indigenarum
1170 1719 1342 1764 sermonem
1358 1701 1465 1782 primis

317 1802 531 1864 adolescentiae
558 1800 714 1880 stipendiis
743 1797 894 1862 mereret?
916 1819 986 1863 num
1012 1801 1160 1882 Apuleius,
1194 1801 1244 1881 qui
1277 1802 1363 1882 paulo
1395 1809 1466 1881 post

317 1900 480 1962 Romanam
503 1898 717 1961 habitationem
739 1899 803 1980 ipse
820 1907 943 1978 utraque
958 1899 1056 1979 lingua
1074 1901 1176 1962 eadem
1191 1899 1337 1977 facilitate,
1360 1900 1464 1962 eadem

315 1999 456 2080 elegantia
480 2017 512 2060 se
535 1999 579 2061 uti
602 1998 741 2078 gloriatus
764 1995 833 2059 est?
856 1997 929 2060 mihi
952 1997 1071 2079 quidem
1094 1998 1123 2060 id
1140 1997 1220 2060 nullo
1243 1998 1332 2060 modo
1349 1998 1465 2061 videtur

316 2099 436 2161 delendi
445 2099 469 2177 ¹)
492 2117 589 2179 posse,
613 2098 728 2160 etiarnsi
752 2097 844 2159 multa
858 2115 924 2158 curn
949 2096 1139 2158 festinatione
1163 2105 1193 2158 et
1209 2115 1312 2177 parurn
1328 2106 1464 2160 accurate

241 2232 244 2248 ·
316 2217 391 2280 opus
413 2198 578 2278 perfectum
603 2217 668 2260 esse
690 2203 849 2259 statuatur.
894 2213 965 2257 nam
989 2195 1066 2257 aliud
1090 2204 1136 2257 est
1151 2195 1361 2276 neglegentiae,
1384 2195 1462 2257 alind

314 2297 493 2375 ignorationi
522 2295 703 2377 putandum,
746 2314 802 2358 nec
837 2295 910 2357 11111
952 2310 1084 2374 unquam
1121 2295 1199 2358 illius
1237 2299 1293 2375 op'e
1330 2294 1461 2356 excusari

315 2404 423 2477 potest.

399 2509 536 2573 similiter
558 2511 639 2573 locus
661 2509 853 2591 perturbatus
877 2517 932 2584 est,
953 2510 1003 2590 qui
1025 2509 1132 2589 legitur
1155 2507 1232 2589 apud
1255 2509 1463 2572 Pseudaristo-

313 2605 708 2692 111111113971125111
737 2605 796 2687 μὲν
830 2603 888 2671 οὖν
921 2603 1075 2671 ἀνωτάτω
1110 2605 1166 2669 καὶ
1199 2603 1333 2690 πρωτην
1365 2605 1465 2692 ἕδραν

314 2707 440 2788 ἔλαχεν,
463 2701 590 2780 ὕπατός
611 2729 646 2769 τε
674 2705 732 2770 διὰ
753 2706 850 2771 τοῦτο
874 2701 1081 2790 ὠνόμασται,
1116 2725 1175 2787 quo
1208 2715 1347 2770 narratur
1374 2709 1464 2771 deum

244 2795 248 2802 ’
312 2827 457 2872 summum
479 2807 639 2879 nominari,
663 2807 743 2889 quod
766 2807 798 2869 in
820 2825 937 2869 summa
961 2807 1030 2868 caeli
1053 2815 1136 2886 parte
1170 2808 1271 2869 sedern
1305 2826 1339 2869 11
1367 2807 1464 2869 domi-

317 2907 416 2971 cilium
440 2905 557 2968 habeat.
603 2907 654 2968 sed
677 2906 817 2986 Apuleius
840 2905 895 2967 iste
917 2906 992 2968 falso
1014 2897 1142 2968 ὕπατον
1172 2913 1286 2968 tantum
1318 2907 1463 2969 consulem

313 3005 477 3088 significare
499 3005 659 3066 arbitratus
683 3005 732 3077 25,
749 3005 789 3066 20
806 3024 851 3085 sq.
874 3005 1002 3067 reddidit
1024 3023 1075 3066 uec
1104 3005 1257 3086 ambigitur
1283 3021 1348 3067 sum
1370 3022 1464 3085 proc—

314 3115 434 3168 stautem
458 3124 490 3166 11
523 3103 671 3166 sublimem
702 3103 797 3166 sedem
830 3114 924 3166 teuerc
957 3114 984 3165 et
1012 3113 1165 3185 poetarum
1197 3101 1329 3166 laudibus
1361 3121 1464 3166 nomeu

314 3207 373 3266 eiras
400 3202 549 3265 consulum
577 3221 611 3263 aa
638 3220 737 3282 rapum
766 3203 1028 3282 urauoupatiouibus
1054 3201 1236 3283 praedicari,
1269 3202 1308 3264 ita
1342 3211 1375 3264 ut
1407 3204 1463 3265 alia

313 3301 526 3365 sententiarum
550 3299 758 3362 coniunctione
791 3301 975 3363 inscientiam
1008 3318 1091 3362 snam
1127 3301 1288 3380 obtegeret.
1332 3301 1465 3363 breviter

312 3401 391 3464 idem
414 3399 573 3462 Hoelscher
595 3399 735 3480 respexit,
758 3419 826 3462 cum
850 3398 886 3463 de
908 3400 983 3462 libro
1007 3399 1042 3460 de
1067 3400 1178 3461 mundo
1207 3407 1307 3479 ageret
1334 3403 1373 3481 (p.
1399 3399 1460 3476 13).

397 3522 551 3598 praeterea
573 3536 602 3596 p.
626 3512 688 3578 396
711 3535 727 3576 1
746 3515 870 3577 17-20
885 3509 1040 3598 χάσματά
1053 3536 1088 3576 ra
1102 3513 1165 3598 γὰρ
1180 3517 1307 3594 γίνεται
1330 3513 1461 3578 θαλάσ-

313 3631 372 3700 σης
408 3609 464 3677 καὶ
504 3608 746 3696 ἄναχωρήματα
781 3611 960 3688 πολλάκις,
993 3609 1049 3674 καὶ
1083 3606 1239 3697 κυμάτων
1266 3605 1462 3698 ἐπιδρομαί,

312 3712 394 3783 ποτὲ
422 3712 481 3796 μὲν
509 3707 743 3794 ἀντανακοπὴν
771 3709 924 3792 ἔχουσαι,
948 3707 1030 3772 ποτὲ
1052 3708 1090 3774 δὲ
1116 3709 1269 3796 ueduata
1297 3709 1400 3797 μόνον
1421 3715 1462 3776 ita

311 3831 372 3876 non
394 3820 476 3875 recte
498 3809 623 3872 Latinus
657 3820 759 3873 auctor
793 3812 890 3873 animo
924 3810 1163 3891 comprehendit,
1199 3821 1230 3874 ut
1263 3811 1462 3875 conscriberet

316 3930 371 3994 pro
387 3911 423 3972 iis
447 3910 543 3984 verba,
565 3909 597 3970 in
621 3910 728 3990 quibus
752 3910 798 3971 vir
809 3927 899 3972 sanae
915 3909 1024 3972 mentis
1049 3910 1210 3992 quidquam
1239 3910 1318 3972 inest
1340 3931 1385 3992 cp.
1411 3911 1460 3987 19,

314 4010 352 4072 17
370 4029 416 4090 sq.
440 4007 496 4088 (bis
518 4006 624 4070 talibus
645 4012 761 4072 morbm
792 4018 860 4070 suut
878 4007 976 4090 paria)
1013 4027 1077 4070 cum
1109 4009 1251 4088 paratuum
1285 4013 1461 4072 currentium

311 4109 383 4170 mole
419 4127 496 4168 uuuc
529 4108 726 4188 progressibus
762 4106 863 4180 litora,
909 4126 987 4170 1111
1029 4107 1194 4171 recursibus
1228 4113 1330 4171 simus
1366 4111 1463 4171 caesi

312 4210 488 4290 quatiamur.

379 4460 401 4527 ¹)
419 4460 486 4514 conii
505 4477 569 4515 vero
587 4463 757 4518 Goldbacberi
775 4465 879 4517 dissert.
898 4479 921 4533 p.
940 4465 998 4519 689.
