3324 5238
638 427 858 491 ..87-

178 608 258 689 plina
280 607 318 669 ab
340 606 462 687 Apuleio
486 605 603 687 proprio
626 605 739 668 exculta
763 613 817 668 est.
862 623 931 668 nam
947 623 1023 686 quae
1037 604 1126 668 rerba
1142 605 1326 670 Goldbacber

179 725 243 768 ean]
267 720 341 768 rem.
355 705 524 768 describere
545 724 634 786 pesse
656 713 759 767 censet
780 723 826 785 cp.
850 704 900 779 33,
920 706 954 765 11
969 723 1014 785 sq.
1036 723 1126 786 seque
1147 707 1263 786 rufianus
1285 715 1326 768 ert

177 810 209 868 ia
230 815 324 867 terrm
344 805 556 886 contemnantur
588 823 649 866 aec
671 815 787 866 tomen
819 806 953 866 aredius
982 808 1022 865 tn
1055 823 1139 880 aare,
1165 805 1325 877 turbido,

177 923 279 966 uerum
300 908 331 966 ia
345 904 493 966 meduno
514 905 639 985 fastigio,
662 903 699 964 de
722 921 826 964 corum
850 905 877 964 vi
899 903 945 964 vir
968 901 1097 966 dubitari
1120 910 1235 986 potest3
1263 904 1325 984 ipsa

178 1021 247 1065 vero
269 1021 306 1064 er
329 1002 447 1064 Graecis
470 1021 498 1082 p.
516 1003 609 1065 idda
633 1005 709 1081 dsq.
733 1007 874 1065 convetsa
891 1009 963 1064 sunt
978 997 1053 1064 οὔτε
1068 1002 1169 1084 μέσος
1192 997 1249 1077 oin,
1272 998 1326 1064 ἔν-

177 1103 229 1162 θα
250 1095 272 1182 ἦ
293 1099 334 1182 γῆ
356 1099 412 1162 καὶ
434 1095 452 1163 ὃ
475 1098 615 1182 θολερὸς
638 1096 742 1174 τόπος
771 1092 877 1176 οὗτος,
908 1095 985 1163 ἀλλ’
1014 1097 1082 1165 ἄνω
1112 1097 1263 1182 καθαρὸς
1291 1097 1327 1164 ἐν

177 1197 321 1283 καθαρῷ
341 1195 436 1282 χώρῳ
459 1196 617 1282 βεβηκώς,
650 1200 699 1262 ubi
724 1200 887 1278 negativam
910 1218 1013 1262 rocem
1041 1195 1115 1262 οὔτε
1142 1206 1211 1261 ante
1239 1195 1327 1262 ἔνθα

177 1298 364 1362 intercidisse
387 1299 564 1380 suspicor1).
609 1315 773 1378 nunquam,
797 1299 930 1378 inquam,
953 1297 1185 1379 disputationem
1208 1298 1325 1379 plenem

178 1398 432 1460 concertationum
456 1397 638 1469 invenimus,
668 1397 720 1458 s'ed
744 1415 819 1478 quae
847 1397 945 1459 addita
972 1405 1053 1470 sunt,
1087 1415 1121 1459 ea
1151 1406 1326 1460 ornamenta

177 1504 294 1559 tantuna
318 1495 458 1558 orationis
481 1494 614 1557 habenda
637 1504 716 1557 sunt.
762 1495 798 1557 de
828 1495 953 1575 planctis
976 1513 1138 1576 earumque
1167 1496 1240 1558 lalso
1269 1513 1325 1558 no-

180 1595 258 1658 mine
279 1594 419 1674 Apuleius
444 1593 544 1657 multis
568 1594 638 1656 locis
662 1593 808 1666 disseruit,
832 1601 865 1654 ut
882 1611 974 1655 unum
998 1593 1129 1656 adieram
1149 1595 1180 1655 in
1196 1594 1274 1656 libro
1290 1594 1340 1657 do¹

179 1695 233 1756 deo
257 1694 388 1756 Socratis
411 1691 439 1764 2,
464 1693 567 1754 7-10
591 1694 645 1756 ita:
675 1698 797 1774 potuque
819 1692 924 1762 stellas,
959 1711 1031 1773 quoe
1060 1693 1144 1775 culpo
1172 1713 1261 1774 cepoe
1290 1695 1326 1756 cb

179 1795 316 1874 ricperttr's
338 1802 556 1872 nuncupantur,
580 1812 651 1872 pace
672 1802 768 1854 tumea
789 1792 930 1870 indeflexo
951 1804 978 1855 et
999 1803 1074 1854 certo
1101 1803 1126 1855 et
1147 1803 1219 1855 uoto
1239 1812 1327 1855 cursu

178 1902 288 1954 meatus
310 1892 390 1972 lotcyc
412 1891 636 1953 ordmottsn'mos
659 1891 761 1952 dimitis
782 1893 889 1952 viulas
919 1901 1048 1954 aeternos
1078 1891 1221 1972 efficiunt:
1255 1893 1327 1955 nibil

178 1990 210 2052 in
233 1991 290 2052 hoc
312 1990 407 2052 libello
431 1990 466 2052 de
490 1990 594 2052 eadem
618 1988 784 2051 redictum
808 1997 863 2062 est,
898 1989 1011 2068 inquo
1041 1990 1114 2052 satis
1142 1991 1178 2053 dc
1200 1991 1326 2070 planetis

178 2091 361 2170 disputatum
393 2096 445 2152 ost.
492 2087 590 2150 verbis
623 2107 702 2162 vero,
733 2107 807 2168 quae
838 2089 874 2149 de
902 2087 939 2150 iis
963 2088 1100 2168 leguntur
1121 2088 1186 2160 23
1210 2089 1326 2169 adfines

178 2189 298 2250 uveam
317 2189 406 2268 globis
428 2189 635 2261 inordinatam,
663 2197 694 2248 ut
722 2189 761 2248 sic
790 2188 923 2256 debarim,
954 2186 1084 2249 ordinem
1110 2199 1226 2249 cernuat
1254 2188 1327 2251 nibil

178 2290 214 2350 de
237 2287 398 2350 constituto
427 2305 530 2348 eorum
562 2305 651 2348 cursu
674 2286 739 2358 dici,
773 2282 1003 2348 sed'diversuna
1038 2287 1128 2349 situm
1161 2286 1325 2368 imparibus

177 2385 340 2449 intervallis
372 2386 550 2465 descriptum
580 2385 739 2464 significari
773 2385 828 2447 sibi
858 2385 983 2465 quisque
1015 2386 1097 2448 facile
1126 2387 1324 2466 persuadebit.

96 2485 97 2488 ’
178 2486 318 2568 Apuleius
341 2493 439 2546 autem
463 2484 559 2548 lacere
582 2501 645 2545 non
668 2483 812 2564 potuisset
834 2503 868 2546 ea
891 2485 1045 2547 occasione
1067 2485 1172 2558 oblata,
1195 2485 1268 2564 quin
1291 2505 1324 2548 ea

176 2585 244 2650 licet
267 2590 445 2665 peranguste
473 2583 636 2657 relerciret,
670 2601 796 2663 quorum
826 2592 905 2646 recta
934 2583 1062 2664 cognitio
1091 2602 1210 2648 summo
1236 2602 1325 2666 opere

177 2685 202 2746 ei
226 2683 404 2746 condierat.

261 2793 396 2857 laudibus
413 2795 582 2856 ornandum
599 2813 665 2855 esse
682 2794 883 2856 concessimus
902 2803 1056 2855 auctorem
1071 2793 1136 2856 libri
1153 2795 1190 2858 de
1210 2796 1324 2858 mundo

178 2902 300 2975 propter
322 2894 469 2955 sermonis
492 2892 676 2954 facilitatem:
707 2892 760 2953 sed
783 2911 817 2952 ex
846 2891 968 2971 singulis
991 2891 1081 2954 rebus
1110 2894 1229 2974 adparet
1255 2913 1325 2956 eum

178 3012 265 3073 saepe
294 2993 358 3055 sinc
386 2991 494 3053 iudicio
527 2990 557 3051 in
586 3008 675 3070 opere
705 2990 840 3052 iaciendo
874 2998 1021 3052 versatum
1048 2992 1149 3053 fuisse.
1195 3012 1262 3055 nam
1293 3000 1326 3055 ut

178 3092 277 3170 inepte
300 3109 366 3153 eum
391 3089 550 3152 sententias
574 3105 790 3168 nonnunquam
814 3089 961 3151 addidisse
990 3089 1116 3152 vidimus
1147 3092 1186 3154 ita
1209 3092 1239 3154 in
1262 3083 1325 3154 sin-

180 3188 254 3268 gulis
277 3190 423 3252 vocabulis
447 3189 593 3252 vertendis
615 3205 679 3249 non
701 3196 734 3249 ut
757 3189 801 3250 vir
824 3188 940 3250 dicendi
969 3189 1082 3270 peritus
1112 3189 1209 3270 lingua
1242 3209 1325 3252 com-

180 3287 266 3349 mode
287 3307 321 3349 ac
342 3288 432 3351 libere
455 3308 526 3352 usus
550 3295 605 3361 est,
633 3288 685 3349 sed
709 3287 840 3368 magistri
862 3289 1025 3368 praeceptis
1047 3289 1125 3349 baud
1149 3307 1214 3350 raro
1236 3289 1326 3350 unice

179 3387 294 3450 deditus
316 3389 426 3450 seruire
449 3390 573 3452 videtur.
619 3387 732 3468 optime
754 3387 783 3448 id
806 3387 979 3466 intelligitur
1006 3406 1041 3448 er
1069 3387 1228 3449 sententiis
1251 3385 1325 3448 bila-

179 3487 252 3549 riam
277 3486 450 3564 dispertitis,
484 3507 610 3567 quarum
639 3495 739 3568 partes
768 3503 828 3548 non
856 3487 1023 3548 redduntur
1051 3487 1128 3548 sicut
1155 3488 1186 3550 in
1214 3487 1326 3549 Graeco

179 3585 253 3646 libro
276 3584 407 3665 priorem
431 3584 520 3646 altera
543 3587 686 3666 sequitur,
710 3584 760 3646 sed
784 3585 959 3666 plerumque
981 3585 1059 3664 quod
1075 3587 1167 3648 altero
1190 3588 1253 3651 loco
1270 3607 1326 3669 po·

179 3683 270 3747 situm
294 3691 356 3746 erat
378 3680 563 3756 vocabulum,
586 3684 689 3746 Latine
711 3683 794 3764 prius
815 3683 983 3756 collocatur,
1006 3685 1086 3763 quod
1102 3685 1211 3748 Graece
1232 3685 1325 3767 prius,

180 3781 283 3842 latine
305 3779 469 3861 posteriore
491 3780 555 3842 loco
578 3785 708 3861 ponitur.
754 3783 833 3844 unde
855 3783 939 3844 facile
953 3782 1110 3845 ludibundi
1133 3785 1262 3848 bominis
1278 3786 1325 3847 in·

180 3879 299 3958 genium
323 3896 473 3958 agnoscas.
519 3879 606 3940 simili
629 3883 717 3943 modo
734 3881 906 3961 Fulgentius
922 3882 1077 3962 aliquoties
1091 3883 1196 3945 seriem
1213 3886 1326 3964 glossa-

179 3993 256 4050 rum,
280 3995 352 4058 quas
376 3995 412 4039 ex
434 3977 555 4057 Apuleio
579 3977 718 4060 deinceps
742 3981 898 4062 excerpsit,
922 3981 1053 4043 mutavit.
1099 3983 1233 4062 exemplo
1256 4003 1325 4046 vero

178 4076 240 4138 sint
261 4077 292 4138 bi
315 4078 385 4140 loci:
420 4077 681 4139 Pseudaristotelis
711 4098 738 4160 p.
757 4080 816 4142 391
836 4081 854 4142 b
873 4081 911 4141 12
945 4075 1099 4163 ἀκίνητόν
1131 4103 1166 4143 τε
1198 4078 1235 4145 ὄν
1269 4082 1324 4144 καὶ

179 4171 315 4258 ἑδραῖον
337 4176 472 4238 redditur
499 4176 535 4237 de
560 4176 671 4237 inundo
699 4197 744 4259 cp.
771 4181 833 4252 t‚4
862 4181 1009 4243 robustum
1031 4191 1057 4242 et
1078 4180 1265 4255 immolitave,-
1296 4201 1324 4262 p.

247 4393 267 4459 ¹)
287 4393 396 4444 llobdius
420 4393 437 4444 l.
457 4395 474 4445 l.
494 4411 516 4462 p.
537 4393 715 4447 terceniacus
737 4390 797 4448 oilae
815 4395 900 4465 μέσος
917 4390 957 4450 ὢν
979 4393 1058 4469 (οὔτε,
1072 4397 1196 4466 ἔσχατος)
1222 4394 1324 4464 Induit

183 4475 220 4541 γῆ
237 4489 264 4525 re
281 4475 326 4524 καὶ
344 4471 359 4526 ὁ
378 4469 496 4542 θολερὸς
513 4471 620 4546 (cirpea)
637 4469 722 4532 τόπος
741 4461 826 4534 οὗτος.
854 4503 857 4508 -
