3324 5238
640 420 858 486 ..35-

177 599 297 674 2⁷,213
332 596 432 672 29,4;
464 597 583 670 31,10;
617 598 661 669 Vl,
689 596 806 672 15,20;
843 594 957 669 19,31;
992 596 1114 676 longum
1141 604 1187 660 ost
1216 615 1323 663 omnes

176 699 257 760 locos
281 695 495 772 enumerase¹).
541 697 695 776 aliquoties
719 713 969 775 supervacaneum
999 711 1066 758 cum
1097 696 1250 774 participio
1271 715 1323 759 uec

176 806 306 860 moetos
327 794 526 874 compositum
549 803 605 872 est,
634 803 667 856 ut
690 794 764 870 vlll,
787 794 817 864 5,
835 789 874 852 28
897 811 949 854 seeo
969 797 1077 856 musti
1092 797 1226 872 prolium
1246 797 1322 856 iusi-

178 895 264 968 liuor
298 894 346 966 ΧΙ,
372 894 454 968 27,6
480 913 532 956 occ
552 905 682 959 moratus
703 896 824 956 cooocni
849 896 988 972 protilos.
1032 894 1111 972 apud
1139 894 1323 956 Frontonem

177 1013 247 1056 rere
270 994 411 1072 particula
434 995 526 1056 semel
553 993 585 1055 in
615 993 787 1073 fragmentis
816 992 976 1071 gratiarum
1006 993 1130 1056 actionis
1156 995 1189 1056 in
1218 1003 1323 1056 senatu

179 1091 294 1152 habitae
326 1109 381 1171 pro
413 1090 706 1171 Carthaginiensibus
741 1110 768 1170 p.
794 1090 918 1162 260,10
946 1090 1017 1152 Nab.
1052 1090 1212 1166 invonitur,
1245 1093 1325 1173 apud

180 1189 342 1254 brnobium
365 1188 409 1250 bis
431 1208 460 1268 p.
485 1189 603 1266 11,19;
627 1189 698 1262 201,
717 1188 746 1250 8.
790 1208 823 1250 ea
844 1195 944 1252 autem
964 1189 1107 1270 temporis
1130 1192 1224 1262 notio,
1248 1207 1324 1272 quae

179 1287 252 1348 nibil
274 1307 290 1348 a
309 1291 404 1350 dulim
426 1289 471 1352 vel
491 1289 557 1352 ilico
580 1307 650 1352 voce
673 1287 780 1360 dillort,
804 1287 850 1350 rix
872 1295 941 1348 ante
964 1288 1116 1352 Ciceronis
1131 1309 1236 1354 aerum
1252 1309 1323 1370 per-

180 1385 304 1460 crebuit,
327 1395 395 1466 post
416 1387 493 1466 apud
516 1386 732 1460 Quintilianum
755 1384 996 1464 frequentissima
1019 1396 1073 1450 est.

265 1492 415 1564 praeterea
437 1485 469 1546 in
497 1484 614 1546 illarum
644 1501 771 1546 numero
799 1483 918 1546 cubiade
946 1491 1000 1556 est,
1032 1503 1108 1564 quae
1136 1486 1212 1565 apud
1243 1487 1324 1562 vell..

181 1582 271 1656 Cure,
292 1584 427 1658 Peteon,
446 1583 525 1658 Tac,
549 1583 632 1647 Suet.
657 1589 793 1644 nostrum
815 1582 1002 1644 comittelbur
1023 1584 1152 1646 duranci
1166 1585 1212 1646 vel
1229 1585 1325 1648 rarius

179 1683 349 1744 brodelee
381 1681 537 1761 significat.
587 1681 770 1760 antiquiores
808 1701 877 1744 vero
911 1700 976 1744 eant
1010 1701 1073 1746 non
1106 1691 1326 1764 usurpaverunt

180 1790 297 1862 praeter
320 1781 445 1855 Livium,
467 1782 579 1860 quippe
601 1781 652 1861 qui
674 1780 777 1842 multis
800 1779 948 1844 vocabulis
971 1780 1109 1853 abundet,
1132 1802 1208 1863 quac
1223 1783 1325 1846 Cicero

181 1880 292 1945 vitavit.
336 1882 388 1943 sed
412 1879 548 1953 eanotio,
571 1899 646 1958 quae
669 1881 731 1940 sola
752 1879 784 1940 in
808 1880 1098 1960 metamorphosibus
1114 1899 1253 1962 expresse
1269 1889 1325 1955 ess,

181 1995 248 2040 raro
264 1980 342 2058 apud
357 1979 430 2040 alios
445 1977 605 2058 scriptores
620 1979 726 2040 tradita
742 1985 796 2040 est.
824 1986 985 2057 usurpatur
1000 1980 1089 2052 enim,
1106 1979 1203 2058 siquid
1220 1998 1326 2060 saepe·

182 2095 308 2140 nurnero
330 2077 491 2158 repetitum
515 2077 632 2146 dicitur,
655 2083 688 2138 ut
710 2077 732 2148 l,
758 2077 863 2150 10,19
886 2093 959 2156 quoe
981 2096 1046 2140 uam
1059 2078 1177 2142 mitade
1200 2097 1233 2140 ac
1248 2078 1326 2140 mui-

181 2180 216 2240 tia
236 2190 362 2252 ηοσεηηις
384 2177 431 2248 111,
457 2174 558 2251 16,18
581 2187 650 2238 tutte
671 2175 776 2238 ultimo
796 2193 856 2238 ηοη
878 2193 969 2238 cusos
989 2176 1108 2239 sobmde
1125 2177 1263 2241 bunum
1276 2180 1326 2238 iu-

181 2293 287 2340 vencos
308 2276 510 2355 capillamenta
531 2272 700 2354 surripere?
723 2273 773 2347 23,
792 2275 830 2336 10
853 2277 891 2338 sd
907 2293 1000 2336 ηηηηη
1018 2276 1154 2341 nidulum
1165 2286 1229 2356 post
1242 2275 1327 2338 illum

180 2392 347 2452 pancorum
375 2374 540 2453 depositorem
565 2373 684 2436 utbiuda
711 2372 850 2446 dcuolem‚·
882 2374 914 2445 V,
938 2372 1023 2446 30‚6
1051 2393 1146 2436 amous
1172 2393 1242 2454 quat
1267 2377 1327 2438 abtas

183 2473 316 2533 mumius
337 2474 406 2534 mer's
428 2471 547 2534 utbiode
570 2489 660 2533 aureo
685 2475 777 2534 nitore
801 2474 974 2550 perstnbsci·
1005 2472 1049 2545 vl,
1075 2475 1123 2544 14,
1141 2473 1179 2534 14
1207 2483 1232 2537 et
1258 2474 1328 2553 saepo

183 2579 210 2630 et
226 2565 335 2650 peribis
355 2570 475 2634 obinde
498 2570 638 2642 clamoren
663 2569 720 2642 Vll,
746 2571 850 2642 15,11
874 2571 1067 2652 frondosoque
1089 2571 1191 2636 bwulo
1208 2573 1328 2636 cubiade

182 2661 336 2747 obstipum
367 2668 402 2742 Χ,
426 2669 533 2742 29,19
554 2669 673 2732 subinde
695 2672 823 2734 curiom
845 2670 941 2732 oculos
958 2679 1074 2750 potante
1099 2680 1188 2751 porto
1214 2681 1327 2750 specto-

183 2767 243 2830 culi
257 2778 410 2846 prospectu
429 2771 592 2848 gratissimo
614 2768 751 2848 reficiens.

271 2866 352 2928 inter
373 2866 502 2928 obsoleta
526 2865 666 2928 vocabula
694 2865 768 2928 inibi
787 2867 1005 2928 numerandum
1036 2872 1092 2936 est,
1124 2867 1204 2946 quod
1234 2874 1329 2930 exstat

184 2970 254 3026 met.
281 2963 302 3038 l,
327 2963 377 3034 21,
394 2963 434 3024 39
461 2965 532 3026 inibi
557 2968 609 3026 atta
637 2963 707 3028 Milo
736 2965 918 3037 deversatum
945 2965 979 3037 ll,
1004 2965 1052 3038 11,
1065 2964 1120 3040 3ος
1153 2964 1197 3037 vl,
1223 2964 1270 3038 18,
1287 2964 1328 3030 28

183 3063 255 3126 inibi
273 3061 451 3142 conulem
473 3063 561 3136 Ditis3
584 3063 657 3136 vill,
681 3061 732 3135 23,
749 3064 789 3124 26
812 3064 885 3126 inibi
903 3065 1016 3126 loreas.
1034 3073 1183 3142 peones
1201 3065 1248 3128 illi
1267 3075 1328 3128 sto·

186 3170 265 3222 terere
288 3159 456 3233 decernatur
478 3160 528 3236 30,
545 3161 579 3238 83
601 3161 636 3234 X,
661 3160 710 3236 35,
729 3161 747 3224 3
769 3163 843 3226 inibi
858 3173 961 3243 portus
982 3166 1068 3229 ettam
1082 3166 1255 3227 tetbertum
1269 3181 1328 3228 rto-

186 3263 264 3320 oium
282 3259 499 3337 receptaculum,
522 3261 631 3342 ubique
653 3279 706 3342 pro
721 3279 753 3326 ao
767 3266 826 3342 ipso
842 3261 903 3324 loco
918 3262 1059 3342 positum,
1082 3269 1116 3324 ut
1130 3263 1208 3341 apud
1223 3263 1327 3326 Front.

185 3376 211 3436 p.
237 3357 361 3434 60,14;
383 3357 496 3433 94,12.

270 3458 460 3537 comparativi
484 3457 614 3521 adverbii
635 3477 714 3525 sectas
736 3459 849 3522 lornue
871 3459 1328 3540 inmansuetumque

186 3555 334 3634 leguntur,
355 3555 486 3632 scaiofi)
508 3575 570 3620 non
593 3557 751 3621 invenitur.
796 3556 905 3618 adserit
927 3556 1006 3618 enim
1035 3575 1087 3618 uec
1116 3559 1202 3622 setius
1228 3557 1327 3620 simile

185 3654 295 3734 siquid
317 3655 505 3719 antecedenti
529 3655 726 3721 enuntiationi
746 3655 795 3725 lv,
814 3652 861 3727 18,
881 3654 918 3714 17
939 3673 992 3718 uec
1004 3658 1090 3718 sotius
1107 3653 1326 3734 Tbrutpleort..

180 3756 310 3834 prorepit
331 3771 430 3830 paoem
463 3753 497 3826 V,
523 3755 550 3826 1,
568 3753 607 3814 21
639 3773 690 3816 nee
717 3757 803 3816 sottus
830 3771 895 3832 epea
922 3763 1029 3817 cernue
1056 3758 1200 3818 muicdoti
1227 3755 1328 3818 domur

184 3850 367 3930 respondean
397 3851 483 3926 27,2
510 3870 561 3914 aec
582 3855 668 3915 setr'us
689 3862 716 3915 et
737 3856 800 3932 apso
828 3850 946 3931 fallacie
970 3855 1167 3930 permundatio
1194 3854 1327 3927 inductos

184 3949 230 4024 vl,
255 3949 356 4024 18,16
387 3969 439 4011 nec
466 3953 553 4014 sata'ut
582 3949 633 4015 tibi
652 3995 659 4010 .
679 3995 686 4010 .
710 3951 824 4032 quidum
856 3958 1050 4028 superaratque
1080 3965 1168 4016 stow
1198 3962 1328 4016 mortum

251 4133 271 4196 ¹)
291 4131 323 4184 cl.
342 4133 421 4184 lland.
440 4134 458 4184 l.
477 4133 495 4182 l.
515 4132 548 4185 IV
567 4132 625 4184 624.
661 4131 760 4185 ltoziol.
779 4135 797 4184 l.
816 4135 834 4184 l.
858 4149 880 4200 p.
903 4133 959 4184 138.
996 4133 1027 4184 οο
1045 4133 1149 4200 antiqua
1167 4136 1221 4186 eius
1240 4138 1328 4188 ortho-

184 4213 290 4280 graphia
308 4212 339 4265 ci.
359 4212 517 4264 Ritschclius
535 4213 610 4279 proll.
630 4213 659 4267 ad
679 4211 763 4266 Plout.
782 4214 854 4266 Trio.
874 4231 896 4282 p.
909 4209 1003 4266 XCVII
1021 4215 1104 4265 adnot.

250 4297 274 4359 ¹)
291 4295 323 4346 dt
341 4295 526 4360 orthographia
544 4306 634 4346 vocum
659 4294 724 4346 coni.
743 4293 900 4348 Fleckeisen.
926 4291 1109 4363 L'copitornm
1133 4311 1155 4362 p.
1169 4295 1214 4360 283
1239 4297 1327 4348 Braun-

183 4376 247 4428 bncb
269 4377 336 4428 ortb.
360 4375 418 4426 Lat.
444 4393 467 4441 p.
487 4376 544 4428 219.
580 4377 698 4430 Coruscn.
727 4377 757 4427 de
776 4379 985 4458 necantqclocpt.
1006 4378 1089 4436 rocol.
1111 4378 1214 4442 linguae
1232 4378 1288 4433 Lat.
1307 4378 1328 4429 ll

184 4457 281 4523 ibisq.

1045 4520 1167 4600 Ὗ*
