3324 5238
673 424 894 487 ...75...

214 619 382 674 comesse,
415 602 445 663 id
472 622 506 663 ex
536 603 594 666 hoo
620 621 680 665 uno
709 606 774 667 loco
807 603 963 665 collectum
986 611 1039 672 est,
1074 622 1133 682 quo
1169 602 1288 664 uberius
1323 602 1359 663 de

213 699 362 780 Hierapoli
383 700 456 762 urbe
478 701 644 773 disseritur,
673 703 750 764 sicut
772 703 884 783 primus
908 701 1138 765 Hildebraudius
1164 702 1196 763 iu
1220 700 1359 762 disserta·

212 799 295 862 tione
316 799 480 879 inaugurali
503 819 531 880 p.
556 801 574 860 5
598 801 635 862 de
658 802 716 863 vita
738 802 800 863 eius
823 801 960 864 narravit.
1005 801 1057 862 sed
1081 800 1117 862 de
1145 800 1200 860 bae
1221 818 1253 860 re
1276 799 1358 871 satis,

212 917 281 960 cum
303 899 376 961 nibil
397 903 507 962 reserat
526 899 561 962 ad
584 901 786 974 statuendum,
810 900 877 980 quis
899 900 939 962 sit
960 908 1064 962 auctor
1087 900 1124 961 de
1145 898 1257 960 mundo
1281 896 1358 968 libri,

214 1004 314 1060 utrum
336 998 477 1078 npmeius
500 999 531 1060 in
553 999 620 1060 Asia
643 999 858 1080 peregrinatus.
871 1000 909 1061 sit
933 1016 1034 1060 neone.

297 1115 333 1158 ex
360 1097 498 1161 omuibus
528 1102 598 1160 vead
620 1099 720 1172 rebus,
749 1117 822 1192 qpas
850 1098 981 1160 breviter
1008 1097 1220 1178 percurrimus,
1255 1101 1358 1174 patere

211 1197 251 1258 ita
274 1195 358 1258 nobis
381 1197 506 1270 videtur,
540 1205 573 1260 ut
601 1198 774 1278 neutiquam
804 1199 835 1258 iu
865 1197 1094 1258 controversiam
1123 1196 1225 1258 venire
1254 1195 1358 1276 possit,

211 1301 274 1356 toto
296 1295 371 1356 libro
393 1312 461 1356 cum
484 1296 645 1376 permultas
667 1297 793 1377 ineptias
815 1297 922 1367 inesse,
946 1296 1036 1357 multa
1060 1295 1259 1358 additamenta
1282 1311 1357 1355 con-

211 1394 309 1465 tineri,
338 1413 412 1473 quae
433 1395 515 1457 nullo
538 1397 626 1458 modo
655 1397 692 1458 ab
713 1396 835 1477 Apuleio
858 1396 1024 1475 conscripta
1043 1413 1109 1457 esse
1132 1394 1257 1474 possint,
1280 1401 1356 1464 tum,

212 1493 291 1572 quod
314 1494 349 1556 ad
366 1493 508 1556 orationis
524 1513 616 1574 genus
632 1496 746 1569 attinet,
770 1495 912 1556 nonnulla
927 1493 1066 1556 vocabula
1082 1492 1138 1555 sub
1155 1491 1212 1554 stili
1230 1509 1356 1553 acumen

213 1593 325 1655 auctori
348 1593 482 1665 subiisse,
506 1612 580 1674 quae
603 1594 640 1655 ab
662 1595 786 1675 Apuleio
809 1601 860 1657 aut
883 1611 1037 1673 nunquam
1061 1591 1196 1654 autsolis
1213 1593 1243 1653 in
1260 1598 1359 1652 meta-

211 1691 420 1772 morphosibus
443 1701 668 1772 usurparentur,
714 1703 850 1774 superest
871 1711 961 1765 nunc,
987 1701 1019 1754 ut
1041 1693 1077 1754 de
1097 1701 1266 1772 temporum
1283 1690 1358 1752 mira

212 1791 339 1870 quadam
364 1791 538 1852 condicione
560 1793 649 1854 verba
671 1793 822 1855 iaciamus.
867 1793 898 1853 in
921 1793 986 1871 ipso
1002 1792 1038 1853 de
1054 1790 1166 1852 mundo
1187 1789 1262 1851 libro
1278 1794 1359 1850 certa

212 1890 330 1969 vestigia
352 1890 466 1968 insunt,
491 1892 656 1972 exquibus
680 1892 760 1965 urbe,
791 1893 873 1953 unde
895 1892 981 1954 datus
1004 1898 1058 1964 est,
1087 1891 1152 1952 sine
1175 1889 1358 1952 dubitatione

213 1989 358 2069 explorari
391 1997 499 2068 potest.
545 2007 613 2052 nam
646 1998 748 2052 auctor
777 1991 888 2070 scripti,
921 1998 955 2051 ut
982 1990 1041 2052 iam
1072 1989 1188 2070 saepius
1222 1988 1359 2060 vidimus,

212 2105 272 2150 uon
300 2097 334 2150 ut
364 2106 466 2149 servus
497 2089 610 2150 domini
644 2088 733 2168 pedes
764 2089 850 2151 anxie
878 2090 981 2152 eodem
1016 2107 1105 2150 cursu
1138 2087 1283 2167 sequitur,
1316 2087 1357 2148 ita

211 2187 466 2250 Pseudaristotelis
493 2186 582 2248 verba
611 2187 701 2250 nimia
730 2207 797 2250 cum
828 2207 896 2250 cura
924 2189 955 2250 in
983 2189 1029 2250 sui
1056 2187 1157 2268 populi
1184 2201 1357 2248 sermonem

211 2287 314 2360 vertit,
351 2304 453 2348 verum
491 2287 610 2368 propria
648 2286 798 2349 interdum
835 2288 930 2360 addit,
968 2305 1042 2366 quae
1073 2287 1166 2368 ipsius
1198 2303 1358 2367 personam

211 2387 369 2449 illustrant.
413 2385 518 2448 omitto
541 2386 787 2466 locosambiguae
810 2386 962 2456 orationis,
986 2405 1042 2465 qua
1057 2387 1182 2466 quisque
1204 2387 1274 2449 civis
1297 2385 1358 2446 Ro-

212 2502 318 2546 manus
341 2485 384 2546 uti
407 2485 513 2564 potuit,
546 2485 596 2564 qui
618 2485 752 2546 imbutus
774 2485 879 2547 Latino
907 2502 1046 2546 sermone
1078 2483 1212 2545 instituta
1246 2484 1357 2565 populi,

209 2585 299 2664 leges,
322 2583 505 2663 religionem,
538 2603 675 2646 moresa
704 2602 796 2664 puero
826 2583 994 2663 cognitione
1023 2584 1193 2664 complexus
1217 2591 1290 2656 emt,
1325 2590 1358 2646 ut

210 2701 255 2764 cp.
279 2681 420 2763 26,1sq.
444 2684 649 2764 drbpetuutores
667 2689 815 2764 pecuniae,
837 2695 998 2764 quaestores
1018 2683 1206 2763 uectipniium,
1229 2685 1358 2746 tribunos

210 2785 341 2844 marios
367 2782 489 2845 bedebur
516 2783 668 2860 (Pseudar.
695 2803 724 2862 p.
748 2782 810 2844 398
837 2803 853 2844 a
881 2784 921 2845 24
950 2779 1128 2865 προσόδων
1153 2785 1271 2864 ταμίαι
1301 2777 1358 2844 καὶ

210 2879 387 2963 στρατηγοὶ
415 2879 572 2962 πολέμων
602 2880 659 2942 καί
691 2884 892 2964 κυνηγεσίων
920 2878 1034 2962 δοίρων
1062 2902 1098 2941 τε
1125 2874 1357 2964 ἀποδεκτῆρες)

210 2979 270 3041 sive
294 2979 343 3054 35,
368 2978 492 3041 26-28
516 2991 583 3041 sunt
603 2991 630 3042 ot
640 2980 825 3060 publicorum
840 2981 993 3061 epularum
1009 2991 1167 3060 apparetur
1182 2989 1207 3040 et
1221 2980 1356 3042 leotbter-

210 3083 260 3140 οίο
281 3079 446 3142 demumst
469 3080 527 3141 dies
547 3082 624 3159 fecti,
647 3079 850 3168 ludi'seoem'ci
871 3081 983 3162 ludique
1009 3079 1169 3155 Circensium
1199 3080 1252 3141 diis
1267 3083 1358 3141 amri-

211 3178 323 3258 ficutur‚
345 3183 434 3259 penite
455 3182 637 3242 ministratur
660 3178 750 3263 (περὶ
766 3178 892 3262 κόσμου
907 3200 936 3262 p.
953 3181 1015 3242 400
1031 3179 1051 3240 b
1067 3179 1104 3241 21
1120 3198 1165 3259 sq.
1188 3181 1358 3256 γίγνονται

212 3274 249 3338 δὲ
276 3275 330 3339 καὶ
360 3275 583 3360 δημοθοινίαι
613 3275 751 3360 νόμιμοι
776 3277 833 3340 καὶ
856 3276 1056 3362 πανηγύρεις
1079 3273 1244 3341 ἐνιαύσιοι
1267 3275 1359 3340 θεῶν

210 3397 245 3437 τι
266 3376 389 3438 θυσίαι
412 3374 468 3438 καί
491 3371 607 3458 ἡρώων
636 3377 849 3458 deportatum
880 3377 1088 3458 praetermitto
1118 3376 1357 3456 significationes,

211 3473 319 3552 quibus
341 3479 437 3536 totum
461 3475 565 3554 vulgus
588 3483 697 3537 certam
721 3476 875 3538 notionem
898 3475 1122 3556 geographicam
1138 3475 1266 3538 subdere
1289 3494 1357 3538 coe-

211 3580 304 3652 perat,
337 3580 371 3635 ut
392 3573 508 3652 saepius
530 3591 610 3636 more
635 3585 766 3637 nostrum
795 3574 901 3654 iegitur
931 3593 974 3656 cp.
1000 3576 1029 3647 4,
1043 3573 1099 3648 253
1121 3575 1151 3647 7,
1170 3575 1205 3649 13
1228 3575 1256 3648 5,
1270 3575 1304 3650 93
1328 3575 1357 3647 6,

212 3672 264 3744 te,
285 3671 368 3734 cuius
391 3672 471 3734 modi
493 3672 574 3734 locos
597 3673 781 3736 Goldbacber
803 3673 937 3736 contulit.
981 3674 1034 3735 sed
1064 3675 1123 3735 duo
1153 3683 1271 3736 exstant
1290 3674 1357 3743 loci,

212 3772 291 3834 uude
315 3772 392 3834 clare
414 3772 538 3852 adparet
559 3750 710 3836 auctorem
734 3793 801 3836 curn
824 3774 895 3836 illud
919 3773 1129 3836 elaborandum
1152 3773 1185 3836 in
1208 3793 1240 3835 se
1262 3775 1357 3836 susci-

210 3879 304 3950 peret,
326 3872 358 3932 in
380 3871 478 3934 ltaiioe
500 3871 610 3934 unibus
633 3873 749 3946 vixisse,
773 3874 865 3935 immo
887 3874 919 3934 in
942 3873 1005 3954 ipsa
1028 3874 1100 3935 urbe
1115 3873 1210 3936 Roma
1232 3873 1357 3952 degisse.

211 3987 279 4032 nam
302 3989 347 4052 op.
374 3971 423 4044 17,
439 3969 508 4050 3sq.
533 3971 569 4033 de
592 3973 784 4035 vulcanorum
806 3971 927 4051 ignibus
958 3971 1014 4034 sub
1037 3979 1132 4034 terrae
1154 3972 1357 4036 fundamentis

215 4069 341 4131 conditis
364 4071 419 4132 hoo
442 4070 530 4132 modo
553 4071 688 4133 disserit:
712 4074 881 4154 quibusdam
902 4073 952 4135 aud
975 4074 1062 4134 terrie
1077 4073 1178 4134 camut
1190 4082 1257 4134 sunt
1271 4075 1358 4152 spici·

210 4177 256 4228 tus
278 4178 305 4230 et
324 4169 400 4247 flunt
421 4170 553 4231 incendio
574 4170 701 4232 sododem
725 4183 752 4234 et
778 4176 934 4251 suspirant,
967 4183 1000 4232 ut
1031 4170 1154 4251 Liparae
1182 4181 1299 4232 cunctae
1332 4181 1358 4233 et

211 4265 309 4338 Aetna,
333 4277 365 4328 ut
385 4267 556 4329 Vesuvius
577 4271 682 4330 etium
703 4272 907 4334 nostersoiet
921 4269 971 4344 (οί.
988 4269 1128 4331 Pseudar.
1151 4289 1180 4349 p.
1197 4268 1257 4330 395
1273 4270 1356 4333 buu.

210 4364 249 4424 21
275 4360 400 4427 modici
421 4363 459 4427 δὲ
481 4361 649 4438 ἀναπνοὰς
671 4364 783 4445 ἔχουσι
805 4368 862 4430 καί
885 4364 1122 4452 δναφοσήσεις,
1151 4360 1262 4450 ὥσπερ
1287 4373 1357 4432 Λι-

211 4459 305 4544 πάρα
326 4461 438 4524 τεκαὶ
466 4466 573 4548 Αἴτνη
598 4463 653 4526 καί
679 4465 725 4527 τὰ
747 4464 786 4530 ἐν
813 4464 972 4531 Αἰόλου
994 4465 1157 4560 νήσοις).
1200 4467 1278 4530 ultro
1301 4468 1357 4548 igi·
