3324 5238
785 395 1007 460 ,86-

323 578 392 654 post
414 573 480 636 Chr.
503 590 532 633 n.
555 570 672 634 saeculo
695 579 725 634 et
746 573 880 635 rhetores
903 589 1051 634 summam
1075 585 1195 652 operam
1223 571 1341 634 dedisse
1374 579 1403 634 et
1425 572 1473 634 di·

255 739 256 744 ς
323 671 452 751 scipulos
476 688 580 734 eorum
603 669 754 734 studuisse
789 688 878 732 nemo
912 670 1037 750 ignorat.
1072 688 1161 750 quarn
1195 670 1315 750 quidem
1346 670 1471 734 obrem

323 770 428 832 eodem
451 769 515 832 iure
536 769 659 850 Apuleio
683 769 792 833 librum
816 769 934 833 attribui
959 787 1047 850 posse
1063 769 1287 832 adfirmantibus
1305 788 1366 834 non
1388 771 1471 832 valde

323 887 534 949 repugnamus,
558 869 609 931 sed
632 877 736 932 omnes
758 870 815 932 illis
847 869 1042 949 temporibus,
1070 869 1121 948 qui
1154 870 1184 931 in
1213 869 1340 932 rhetoris
1373 869 1471 932 schola

324 966 473 1048 stipendia
498 967 687 1040 meruissent,
711 966 789 1028 idem
810 969 870 1028 boc
892 986 985 1047 genus
1008 975 1161 1030 contortae
1185 967 1338 1041 orationis,
1362 967 1470 1031 tumidi

323 1067 473 1147 acputidi
496 1067 644 1130 sermonis
678 1068 860 1148 percoluisse
894 1085 948 1129 nos
982 1084 1154 1140 monemus,
1188 1066 1369 1130 luxuriosam
1405 1085 1471 1128 eam

324 1166 417 1245 ipsam
441 1164 587 1226 rationem
611 1165 857 1245 perfectissimam
882 1165 1081 1245 eloquentiam
1109 1183 1175 1226 esse
1205 1164 1374 1231 arbitratos.
1418 1165 1471 1226 scd

323 1263 438 1344 is,.qui
465 1264 574 1327 librum
604 1266 641 1327 de
675 1267 787 1329 mundo
826 1265 1017 1345 conscripsit,
1051 1277 1251 1346 nequaquam·
1271 1265 1472 1328 Madaurensis

324 1372 409 1428 acuto
423 1363 543 1444 ingenio
559 1365 710 1446 praeditus
733 1374 805 1438 erat,
828 1383 907 1436 nam,
931 1369 965 1425 ut
987 1364 1016 1425 id
1040 1382 1157 1444 quoque
1173 1373 1292 1445 praeter
1307 1365 1373 1437 alia,
1396 1383 1472 1444 quae

323 1463 382 1524 iam
407 1464 497 1526 multa
531 1465 698 1538 attulimus,
732 1466 929 1545 adponamus,
959 1463 1008 1526 ubi
1032 1463 1141 1526 Graeca
1165 1465 1304 1526 vocabula
1327 1464 1390 1526 eine
1414 1463 1471 1524 dil-

322 1563 500 1626 ficultatibus
523 1581 584 1626 non
609 1551 680 1626 sane
702 1564 786 1626 reddi
809 1573 947 1645 possunt,
970 1570 1049 1627 totos
1078 1562 1158 1624 locos
1185 1563 1245 1624 sive
1272 1563 1361 1642 plane
1384 1581 1472 1642 prae·

321 1662 460 1724 termittit
482 1663 541 1724 sive
564 1663 723 1725 admodum
749 1662 872 1724 mutilat
919 1679 1012 1724 unum
1036 1661 1193 1741 praecipue
1209 1662 1356 1724 eiusmodi
1372 1662 1471 1724 locum

322 1765 536 1841 proponamus,
559 1780 618 1840 quo
642 1761 798 1842 Apuleium
832 1761 947 1840 ingenii
981 1759 1100 1822 facetias
1134 1779 1167 1822 ac
1196 1759 1349 1824 facultates
1378 1761 1472 1824 animi

322 1859 487 1938 singulares
509 1859 720 1937 praestiturum
743 1859 835 1920 luisse
859 1857 994 1920 ubertate
1014 1858 1131 1938 linguae
1146 1864 1234 1938 atque
1249 1858 1310 1920 oris
1333 1858 1472 1922 facundia

322 1955 445 2037 profusa
469 1974 524 2018 nos
558 1975 723 2019 censemus.
769 1969 846 2021 nam'
871 1957 954 2019 exilis
987 1956 1049 2018 lere
1081 1956 1178 2018 Latini
1211 1956 1338 2018 auctoris
1370 1957 1471 2038 inopia

321 2056 452 2134 adparet,
487 2057 536 2136 qni
561 2055 611 2129 37,
627 2058 668 2118 25
691 2077 734 2137 sq.
759 2059 795 2119 de
818 2057 885 2118 love
918 2055 1031 2135 optimo
1065 2057 1194 2118 maximo
1217 2056 1381 2136 praedicat:
1417 2057 1472 2120 olii

319 2155 494 2234 hospitalem,
524 2157 672 2218 amicalem
705 2166 731 2218 et
764 2161 892 2218 omnium
925 2155 1088 2234 officiorum
1119 2155 1280 2218 omninibus
1312 2155 1469 2235 appellarat.

320 2261 361 2315 cal
383 2251 529 2330 militaris,
563 2264 603 2317 est
626 2255 817 2334 triumphator
850 2264 875 2316 et
905 2263 1094 2332 propagator,
1128 2254 1364 2333 tropoecpdoraca,
1399 2272 1468 2316 cum

321 2353 397 2430 apud
420 2349 701 2416 Pseudaristotelem
726 2373 754 2433 p.
778 2353 868 2414 lota
891 2350 1038 2412 20-27
1073 2353 1116 2414 his
1138 2351 1276 2414 laudibus
1299 2371 1366 2414 eum
1387 2352 1466 2414 cele·

319 2449 437 2512 bratum
460 2450 662 2514 inveniamus:
693 2448 868 2529 γενέθλιός
887 2472 922 2512 ee
936 2447 990 2512 καὶ
1016 2452 1138 2534 ἕρκειος
1153 2448 1210 2512 καὶ
1233 2445 1388 2531 ὁμόγνιος
1410 2446 1468 2512 καὶ

320 2545 461 2630 πάτριος
493 2544 562 2612 ἀπὸ
595 2551 651 2632 ’τῆς
689 2549 773 2633 πρὸς
806 2551 921 2616 ταῦτα’
942 2553 1122 2624 κοινωνίας,
1154 2546 1314 2631 ἑταιροῖός
1346 2571 1382 2612 τε
1410 2546 1467 2610 καὶ

320 2645 433 2728 φίλιος
455 2645 510 2708 καὶ
534 2645 639 2721 ξένιος
661 2646 718 2709 καὶ
740 2645 893 2730 σιροίιιος
908 2649 964 2712 καὶ
979 2648 1212 2733 τροπαιοῦχος,
1231 2642 1417 2731 καθάρσιός
1432 2667 1468 2708 τε

320 2743 376 2808 καὶ
403 2743 616 2826 παλαμναῖος
644 2745 699 2808 καὶ
723 2743 846 2820 inlusor
869 2747 925 2810 καὶ
947 2747 1119 2832 μειλίχιος,
1143 2741 1250 2831 ὥςπερ
1273 2745 1306 2811 oi
1330 2743 1466 2830 ποιηταὶ

319 2840 462 2921 λέγουσι,
485 2842 593 2929 σωτήρ
615 2866 650 2908 τε
672 2845 726 2908 καὶ
742 2845 933 2931 ἐλευθέριος
947 2843 1081 2932 ἐτύμως,
1098 2843 1140 2922 ὥς
1156 2845 1193 2910 δὲ
1207 2846 1245 2912 τὸ
1261 2848 1330 2910 πᾶν
1345 2847 1466 2921 εἰπεῖν,

320 2938 473 3026 οὐράνιός
494 2967 530 3008 ,τε
552 2944 608 3008 καὶ
629 2943 778 3024 χθόνιος,
802 2945 912 3030 πάσης
934 2945 1108 3030 ἐπώνυμος
1142 2943 1186 3010 ὥν
1205 2943 1337 3029 φύσεώς
1359 2944 1466 3009 τεκαὶ

318 3041 428 3124 τύχης,
453 3036 510 3106 oica
532 3035 788 3118 πάντωναῧτὸς
811 3047 919 3120 αἴτιος
942 3043 995 3110 ὤν.

405 3141 557 3204 videamus
587 3161 677 3216 nunc,
706 3162 780 3205 num
803 3146 881 3206 forte
903 3145 970 3210 talia
992 3146 1079 3208 rerba
1103 3145 1140 3207 ab
1162 3153 1284 3208 auctore
1307 3145 1382 3209 ultro
1406 3144 1468 3208 sint

319 3238 428 3310 addita,
451 3240 524 3302 talos
547 3241 713 3307 sententiae
736 3242 794 3304 sint
818 3261 981 3323 expressae,
1005 3252 1038 3306 ut
1060 3263 1095 3306 ex
1111 3243 1146 3306 iis
1161 3243 1323 3323 Apuleiana
1339 3261 1467 3306 consue-

258 3367 263 3372 ·
318 3339 391 3400 tudo
421 3339 530 3404 certius
560 3348 746 3420 agnoscatur,
781 3350 815 3402 ut
842 3359 890 3410 res
924 3341 982 3410 illis
1011 3341 1220 3421 significentur,
1255 3343 1362 3422 quibus
1394 3360 1467 3421 per-

319 3438 479 3501 tractandis
502 3439 693 3502 vchementer
715 3459 747 3501 se
770 3439 898 3519 gaudere
920 3440 1124 3502 Madaurensis
1141 3459 1358 3521 saepenumero
1379 3440 1466 3502 simi-

318 3534 396 3598 libus
419 3537 490 3600 locis
513 3538 544 3599 in
567 3537 602 3599 iis
625 3538 743 3618 scriptis
765 3538 902 3619 probavit
928 3546 958 3601 et
986 3539 1135 3618 patefecit,
1166 3559 1240 3621 quae
1267 3541 1373 3615 merito
1401 3539 1466 3602 eius

319 3653 384 3702 esse
406 3635 624 3701 existimantur.
669 3638 720 3700 sed
744 3653 923 3718 quamquam
953 3639 1030 3700 haud
1060 3657 1151 3718 pauca
1170 3637 1466 3703 =Graeciseuunlia·

318 3731 447 3794 tionibus
470 3742 573 3796 auctor
595 3734 661 3796 libri
685 3736 720 3797 de
743 3737 855 3801 rnondo
881 3736 996 3809 adiecit,
1028 3737 1064 3798 de
1093 3738 1129 3799 iis
1154 3738 1228 3818 ipsis
1257 3738 1356 3812 rebus,
1389 3755 1465 3816 quas

317 3830 455 3911 inprimis
489 3831 667 3911 Apuleianae
707 3834 911 3914 philosophiae
950 3853 1036 3898 curae
1076 3837 1168 3900 luisse
1194 3855 1241 3898 -ex
1279 3836 1465 3916 pbilosophis

318 3928 382 3989 eius
405 3927 487 3988 libris
510 3939 685 4010 perceptum
709 3932 862 4005 habemus,
887 3953 924 3995 ne
947 3934 1039 3996 ullum
1056 3935 1173 4015 quidem
1191 3935 1313 3997 verbum
1330 3937 1463 4001 additum

318 4026 493 4105 reperimus.
536 4035 610 4108 puto
633 4029 814 4094 daemonnm
840 4030 1024 4110 disciplinam
1048 4039 1137 4112 atque
1167 4034 1350 4113 planetarum
1374 4036 1464 4098 falsae

317 4125 538 4203 significationis
550 4126 705 4190 rationem.
751 4147 785 4190 ex
801 4146 858 4209 qua
874 4130 1048 4193 condicione
1065 4131 1250 4192 Goldbacher
1271 4134 1289 4193 l.
1305 4134 1323 4194 l.
1347 4153 1375 4213 p.
1392 4132 1463 4197 677.

318 4223 379 4285 679
413 4225 445 4286 in
468 4225 556 4286 alium
591 4227 713 4289 modurn
737 4229 773 4288 de
795 4228 939 4308 scriptore
960 4228 1027 4291 libri
1051 4229 1128 4312 περὶ
1151 4227 1275 4312 κόσμου
1298 4233 1464 4294 conclusio·

317 4342 384 4385 nem
409 4323 505 4385 facere
528 4334 651 4389 conatus
676 4339 729 4388 est.
775 4346 929 4407 nunquam
952 4329 1043 4408 igitur
1064 4337 1181 4415 praeter
1197 4330 1266 4391 deos
1283 4340 1312 4393 et
1327 4332 1463 4395 homines

317 4423 476 4486 daemones
500 4443 620 4507 quoque
642 4427 747 4489 mundi
770 4428 907 4506 regiones
930 4429 1059 4494 incolere
1080 4416 1351 4512 disputatur,'quae
1373 4433 1463 4494 disci-
