3324 5238
805 401 1027 466 -50-

337 578 422 642 libris
453 579 529 660 typis
563 577 718 658 exscriptis
750 577 787 638 ct.
809 579 895 640 Ferd.
918 578 1015 642 llandi
1037 579 1270 642 Tursellinusll
1297 599 1324 660 p.
1349 579 1420 642 436.
1444 615 1495 629 -·

338 677 483 740 llenricus
505 677 652 740 Jordanus
674 677 768 756 symb.
790 678 882 740 critic.
905 696 934 758 p.
957 677 1127 740 314-336
1148 678 1308 758 particulae
1322 699 1411 744 usum
1433 700 1494 762 per

338 793 441 840 omnes
463 777 623 857 scriptores
645 783 818 849 exsecutus,
851 777 902 857 qui
935 785 1061 840 aetatem
1090 795 1173 840 suam
1197 779 1309 858 optime
1331 779 1417 859 quasi
1437 798 1492 842 re-

337 883 538 956 praesentant,
572 875 749 937 monstrarit
780 877 910 957 equidm
942 876 975 938 in
1008 877 1106 940 soluta
1137 878 1271 940 oratione
1300 877 1492 957 temporibus

337 973 450 1036 liberae
471 972 649 1054 reipublicae
675 982 705 1035 et
725 974 843 1054 imperii
865 975 970 1055 primis
993 976 1132 1048 saeculis,
1161 977 1194 1036 in
1215 975 1395 1038 carminibus
1416 977 1492 1039 inde

338 1092 356 1136 a
378 1055 529 1136 Ciceronis
547 1079 644 1134 aetate
665 1079 782 1136 tantum
805 1092 860 1153 pro
882 1091 931 1154 ego
953 1075 1065 1154 quiden
1087 1083 1264 1154 usurpatum
1297 1093 1377 1146 esse,
1411 1074 1493 1138 sicut

339 1179 423 1234 antea
446 1170 505 1232 iam
528 1171 687 1233 Terentius
709 1189 776 1234 eam
799 1173 958 1251 posuisset,
982 1192 997 1232 a
1018 1165 1078 1252 'qua
1103 1172 1321 1234 consuetudine
1352 1172 1374 1234 ii
1397 1174 1493 1253 primi

339 1270 555 1334 aberravisseut
572 1277 716 1342 auctores,
739 1270 846 1350 quiin
868 1271 1035 1352 vulgaribus
1056 1271 1237 1332 dictionibus
1260 1291 1293 1334 se
1315 1281 1493 1334 exercerent

338 1369 400 1432 sive
422 1378 570 1432 austeram
586 1369 735 1448 quandam
757 1370 923 1432 orationem
941 1370 1092 1433 Ciceronis
1113 1370 1224 1449 liquido
1247 1369 1365 1432 dicendi
1387 1372 1492 1448 generi

340 1475 559 1547 praeoptarent.
583 1487 619 1529 ex
641 1468 689 1530 illa
712 1487 781 1529 vero
804 1487 877 1531 usus
900 1469 1077 1541 diversitate,
1100 1487 1175 1548 quae
1190 1468 1222 1530 iu
1243 1469 1349 1548 Apulei
1367 1468 1492 1550 scriptis

341 1567 419 1628 clare
441 1573 533 1646 patet,
555 1567 633 1628 effici
654 1585 742 1646 posse
763 1566 882 1630 videtur
904 1568 994 1630 etiam
1016 1568 1139 1630 secundi
1160 1587 1189 1646 p.
1213 1567 1280 1628 Chr.
1315 1586 1346 1630 n
1379 1569 1493 1630 saeculi

339 1664 524 1745 temporibus
545 1685 610 1730 earn
634 1665 829 1730 differentiam
851 1666 982 1728 literatos
1004 1666 1139 1728 homines
1154 1666 1234 1747 ipsos
1248 1666 1378 1728 sensisse
1400 1673 1494 1746 atque

339 1763 511 1826 indicendi
533 1763 661 1826 officinis
684 1763 869 1843 egregiorum
892 1765 1047 1829 rhetorum
1069 1765 1196 1846 epiddem
1228 1780 1283 1844 pro
1305 1783 1356 1845 epa
1377 1765 1494 1846 guidem

339 1879 484 1942 usurpare
507 1862 666 1942 discipulos
683 1862 786 1925 doctos
802 1882 877 1935 esse,
899 1883 968 1926 cum
992 1862 1095 1944 vulgus
1109 1864 1281 1926 Romanum
1296 1861 1379 1924 omni
1393 1869 1493 1926 aetate

340 1962 469 2044 equidem
503 1969 532 2022 et
567 1961 679 2041 quidem
711 1962 816 2024 eodem
850 1963 938 2025 modo
972 1971 1003 2024 et
1035 1964 1138 2026 eadem
1170 1961 1387 2040 significatione
1419 1979 1491 2042 per-

340 2059 495 2122 misceret.

425 2158 528 2220 eadem
551 2175 620 2222 cum
643 2176 712 2220 cure
735 2158 896 2239 particulae
918 2161 1064 2224 interdum
1107 2159 1191 2220 notio
1213 2158 1246 2220 in
1261 2158 1384 2222 diversis
1407 2158 1490 2224 libris

340 2257 478 2320 distincta
501 2262 555 2318 est.
598 2275 668 2320 nam
698 2257 730 2318 in
757 2265 877 2321 metam
906 2259 1047 2340 Apuleius
1075 2258 1220 2320 interdum
1247 2257 1387 2320 omnibus
1416 2257 1489 2320 locis

339 2374 394 2437 pro
427 2358 547 2428 interea,
580 2358 695 2418 interim
726 2356 859 2438 scripsit:
893 2358 928 2430 ll,
955 2358 1003 2428 17,
1027 2356 1067 2418 25
1096 2355 1209 2436 poculis
1233 2356 1376 2420 mudum
1400 2357 1487 2418 lassi-

341 2453 467 2518 tudinem
499 2455 672 2533 refoventem
707 2452 823 2528 27,13
856 2460 964 2518 snevim
996 2456 1100 2536 uutgm
1132 2456 1291 2530 imerdum;
1318 2455 1368 2529 lll,
1397 2455 1489 2530 1,14

340 2553 409 2616 baec
441 2553 595 2616 identidem
626 2571 737 2616 mcum
765 2554 908 2634 replicans
933 2556 1071 2634 fortunus
1098 2572 1175 2618 nuos
1203 2555 1356 2618 eiciebam.
1412 2557 1493 2636 quati

340 2654 420 2733 sores
452 2650 612 2724 interdum
644 2650 817 2726 lv,14,17
853 2654 923 2716 dum
953 2655 1078 2716 cmlestis
1110 2658 1226 2734 uaporis
1257 2653 1382 2731 flammis
1415 2669 1491 2714 ena-

341 2761 505 2834 murgatur,
534 2769 586 2814 nos
607 2753 778 2817 interdum.
800 2799 807 2814 .
829 2753 1004 2832 disponimus
1031 2763 1256 2828 remanentem
1289 2752 1348 2825 Vll,
1373 2751 1421 2823 11,
1450 2748 1491 2812 32

340 2854 540 2915 interdum..
570 2852 607 2914 nd
635 2851 767 2934 puellam
799 2851 973 2914 commeabat
995 2851 1128 2925 adsidue;
1150 2850 1223 2923 Vlll,
1246 2851 1314 2921 nt
1346 2851 1492 2914 iruerdnm

340 2970 447 3014 monus
482 2949 610 3016 Claritas
643 2970 662 3013 a
691 2951 844 3032 pulsandis
875 2951 1011 3014 uberibus
1040 2967 1185 3024 amovere·
1225 2949 1321 3021 10,4
1353 2949 1490 3012 concedas

345 3095 375 3112 ..
399 3059 432 3112 ut
453 3050 599 3114 interdum
627 3053 707 3112 taciti
727 3049 917 3113 clandestinas
932 3053 1020 3114 coitus
1035 3049 1183 3122 obeamus,
1214 3047 1264 3122 lx,
1288 3046 1374 3121 9,12
1396 3051 1491 3110 sacri-

344 3149 419 3230 legos
440 3150 623 3229 emptumque
644 3149 844 3229 compellantes
865 3150 1010 3211 interdum
1031 3151 1138 3229 pugnis
1162 3147 1365 3222 obverberant3
1396 3145 1447 3222 20,
1471 3146 1491 3208 2

341 3248 487 3312 interdum
509 3247 709 3310 Pbitetaems.
728 3292 734 3307 .
753 3250 903 3327 pracumd
925 3247 1069 3322 cubicuto;
1097 3245 1149 3321 24,
1166 3244 1207 3308 24
1229 3247 1422 3310 interdum..
1441 3249 1491 3308 iu-

341 3350 441 3411 uenis.
461 3391 468 3408 .
491 3345 644 3412 interclusa
672 3349 776 3427 spiritu
804 3344 968 3426 diffluebam
998 3343 1047 3417 31,
1064 3344 1105 3404 22
1133 3344 1280 3408 interdum
1306 3346 1413 3425 pugnis
1439 3344 1490 3406 ob-

342 3445 463 3508 tundens
489 3431 594 3519 uberae
622 3443 658 3516 X,
682 3443 787 3516 22,13
814 3443 913 3506 molles
932 3444 1078 3509 interdum
1097 3442 1231 3506 voculas.
1250 3488 1257 3503 .
1278 3443 1402 3506 iterabat
1418 3443 1473 3508 illa
1484 3461 1495 3518 3

343 3543 394 3618 26,
409 3543 450 3606 23
473 3544 619 3606 interdum
636 3546 792 3624 perniciem
814 3561 927 3606 coecum
944 3542 1134 3606 ..medullae
1151 3545 1267 3622 penius
1290 3543 1490 3612 adoreneum.

342 3641 425 3716 iacile
448 3640 569 3721 quidem
592 3641 775 3704 adducamur
790 3641 943 3721 aliquoties
966 3639 1051 3718 (Vlll,
1076 3640 1150 3713 7,a;
1175 3639 1224 3712 lll,
1249 3639 1349 3716 9,12;
1374 3639 1423 3715 31,
1437 3641 1491 3722 22)

280 3789 288 3802 .
341 3739 379 3802 ad
401 3740 584 3805 credendum
608 3747 745 3804 nostrum
769 3739 909 3803 bisneilen
930 3738 1072 3818 particula
1088 3756 1262 3818 expressum
1287 3757 1364 3810 esse,
1387 3759 1491 3809 rerum

343 3837 394 3902 ubi
416 3838 582 3900 accuratius
605 3838 782 3918 cogitatione
811 3856 916 3903 omues
940 3836 1129 3900 condiciones
1157 3838 1393 3917 complectimur,
1421 3859 1492 3904 mox

341 3937 488 4012 videmus,
505 3955 553 4000 eas
567 3956 617 4000 res
632 3945 747 4001 tantum
760 3938 866 4020 respici
882 3956 979 4017 posse,
996 3956 1070 4017 quae
1086 3937 1165 4002 intre
1182 3937 1211 3998 id
1226 3936 1356 4018 spatium
1372 3946 1491 4018 tempo·

342 4036 383 4108 ris
406 4044 539 4115 agantur,
563 4055 620 4118 quo
644 4038 716 4117 quid
732 4039 842 4099 lactum
859 4036 898 4098 sit
913 4044 1058 4098 narretur.
1103 4035 1291 4117 perticipium
1309 4053 1379 4098 vero
1393 4037 1491 4116 quod·

342 4153 461 4218 cunque
484 4135 634 4200 antecedit
660 4135 732 4197 item
755 4134 982 4214 intelligendum
1005 4144 1060 4208 est,
1090 4153 1123 4196 ac
1150 4135 1175 4196 si
1202 4135 1274 4196 dum
1304 4153 1372 4200 cum
1400 4135 1491 4198 verbo

342 4223 437 4308 finito,
468 4235 548 4313 quod
577 4234 735 4296 nominant
761 4232 954 4312 grammatici,
983 4235 1177 4296 coniunctum
1200 4233 1245 4295 sit.
1291 4234 1385 4296 semel
1411 4234 1493 4300 verbi

344 4351 428 4394 cause
450 4331 500 4408 lX,
526 4331 575 4406 31,
589 4331 629 4392 22
652 4332 799 4394 interdum
820 4349 912 4412 prope
935 4332 971 4393 ad
994 4336 1074 4397 invio
1088 4330 1249 4414 particulae
1265 4332 1419 4396 notionem
1442 4352 1493 4396 ec-

344 4431 428 4510 cedit,
452 4449 521 4497 nam
544 4432 682 4513 puellam,
706 4449 795 4514 quam
817 4430 859 4494 ibi
876 4437 1019 4494 maestam
1037 4432 1195 4494 adcurrere
1217 4440 1328 4506 narrat,
1351 4449 1414 4496 nou
1436 4431 1492 4496 ali·
