3324 5238
673 429 892 492 ..29-

209 615 314 670 natura
336 614 366 668 et
387 606 539 685 ingenium
561 605 679 682 linguae
701 605 903 666 Romanorum
928 603 1053 680 vulgaris
1074 610 1239 666 monstrare
1262 623 1351 665 cona-

208 715 255 769 tus
278 713 331 768 est.
376 724 474 785 neque
495 723 565 766 vero
589 723 665 783 qnae
696 704 733 765 de
757 704 860 766 eadem
889 722 922 765 re
945 703 1095 764 Charisius
1123 702 1252 765 iudicare
1280 703 1353 764 dioi-

208 815 267 879 tnr,
290 805 374 866 testis
397 804 475 866 haud
497 803 665 876 mediocris,
688 803 849 883 praeterire
870 804 914 864 las
930 811 976 864 ost
990 803 1016 864 ll
1031 822 1060 882 p.
1077 801 1138 864 208
1154 802 1352 866 Putschianae

209 905 347 966 editionis
362 905 477 984 quaudo
500 905 697 983 comparativis
718 901 764 963 uel
784 901 966 980 superlativis
992 905 1108 982 mopere
1130 919 1197 980 per
1223 903 1352 972 uelimus,

207 1007 403 1065 interserimus
425 987 545 1082 quam:
567 1012 600 1062 ut
618 1019 795 1082 perquam
817 1005 985 1080 optimus.
1030 1001 1071 1061 ita
1094 1000 1175 1062 onim
1198 1001 1234 1060 de
1258 999 1352 1062 Vitins

209 1102 239 1163 in
262 1101 418 1164 Foroellini
433 1101 527 1162 lexico
542 1101 646 1160 docet:
669 1098 715 1160 cni
732 1117 801 1160 cave
816 1116 854 1159 ne
868 1108 982 1161 temere
998 1101 1109 1161 credas.
1156 1117 1227 1161 nam
1241 1099 1351 1160 lrustra

209 1201 287 1280 apud
309 1199 475 1262 Charisinm
499 1217 532 1261 ea
555 1199 646 1260 verba
668 1197 801 1277 quaesivi
824 1217 921 1278 neque
944 1198 1022 1277 apud
1046 1198 1134 1259 alium
1157 1199 1251 1259 ullum
1272 1197 1352 1260 Lati-

210 1315 284 1360 num
306 1298 532 1376 grammaticum
556 1297 664 1358 similia
686 1296 823 1375 indagare
845 1297 937 1376 potui.
984 1315 1060 1375 quae
1091 1297 1170 1359 undo
1197 1297 1233 1358 dc
1260 1297 1354 1358 Vitins

211 1399 372 1478 sumpserit
393 1397 502 1458 nescio.
546 1397 578 1458 in
600 1397 706 1458 octaris
728 1396 834 1476 Apulei
860 1395 942 1456 libris
960 1414 1100 1475 pequam
1123 1395 1248 1474 positivo
1271 1395 1354 1458 addi-

210 1506 274 1558 tum
298 1504 352 1570 est,
379 1505 414 1557 ut
434 1496 500 1574 ipse
523 1494 624 1556 Cicero
654 1513 755 1571 vocem
779 1495 945 1574 usurpavit:
974 1495 1038 1556 llor.
1069 1513 1096 1573 p.
1124 1493 1203 1568 17,2
1232 1495 1272 1554 ili
1300 1495 1353 1554 do-

211 1598 329 1656 narium
351 1593 418 1656 deae
437 1612 579 1674 perquam
600 1594 781 1673 epulemum5
811 1594 884 1672 apol.
909 1591 991 1669 63,8
1021 1613 1087 1655 cum
1114 1593 1244 1655 audirem
1267 1593 1354 1655 scele-

211 1705 273 1756 tum
294 1711 432 1774 perquam
454 1693 612 1772 inpudenti
632 1693 779 1756 mordacia
802 1694 934 1755 dictitari.

296 1792 462 1854 contrarius
485 1810 557 1852 usus
580 1791 742 1871 particulae
765 1810 850 1872 quam
873 1799 927 1865 est,
958 1811 1032 1871 quae
1055 1791 1212 1870 aliquoties
1236 1792 1355 1872 quidem

210 1893 241 1951 in
265 1899 383 1954 metam.
407 1891 443 1952 ad
466 1890 677 1969 designandam
701 1889 832 1952 notionis
849 1891 1007 1952 maximam
1030 1891 1089 1952 vim
1107 1909 1191 1952 more
1207 1892 1357 1970 modoque

213 1991 309 2052 omnis
331 1990 435 2052 aetatis
464 1990 642 2069 scriptorum
673 1989 859 2069 superlativis
888 1989 1021 2050 additor:
1056 1981 1187 2052 attamen
1220 1989 1356 2068 pluribus

212 2089 283 2150 locis
306 2089 409 2150 eadem
426 2087 642 2167 significatione
659 2087 815 2167 positivo1)
838 2088 978 2149 adicitur:
1002 2088 1038 2162 ΙΙ,
1061 2088 1090 2162 ·“Ι,
1109 2086 1147 2148 12
1172 2089 1289 2160 discede,
1312 2093 1358 2149 iu-

213 2192 279 2268 quit,
302 2187 416 2258 miselle,
449 2205 534 2267 quom
554 2188 656 2266 procul
679 2207 697 2248 a
724 2206 785 2250 meo
811 2187 925 2266 soculo;
958 2189 1005 2260 15,
1022 2186 1076 2264 Ι3;
1102 2189 1149 2260 17,
1164 2185 1202 2247 12
1234 2189 1358 2250 armilus

213 2305 299 2367 quom
320 2286 476 2359 dissolutis·
510 2285 560 2358 23,
573 2285 613 2345 27
643 2286 713 2358 uide,
742 2305 801 2357 aro,
837 2291 936 2368 iuquit,
968 2305 1055 2367 auam
1084 2292 1226 2367 eaperpite
1253 2306 1358 2348 muuus

214 2385 310 2458 aleam
333 2384 382 2456 ΙΙΙ,
406 2386 465 2459 5,1
491 2385 568 2456 teus,
588 2389 680 2463 pueri,
705 2405 791 2466 quam
812 2386 942 2448 mumius
964 2390 1066 2448 auimis
1086 2397 1113 2448 ct
1127 2387 1235 2448 viribus
1249 2386 1357 2448 olocri-

214 2485 266 2546 dus
288 2484 459 2546 dormientes
481 2483 700 2563 adprede'amur‚·
724 2484 775 2558 26,
789 2486 827 2546 10
851 2485 950 2564 alipor
964 2504 1049 2564 quam
1061 2486 1167 2565 procul
1185 2486 1221 2547 alr
1237 2486 1355 2558 lordum·

214 2582 259 2655 lv,
282 2582 343 2657 3,9
365 2582 515 2662 adreptum
536 2601 580 2643 me
602 2583 666 2644 loro
689 2602 775 2663 quam
797 2583 893 2646 aalide
908 2585 946 2645 ad
965 2586 1097 2646 ansulam
1113 2584 1257 2664 quondam
1272 2585 1356 2646 desti-

213 2693 329 2756 uatum3
355 2683 385 2753 V,
412 2681 513 2753 16,15
537 2682 654 2743 suardio
676 2686 814 2744 sermmis
835 2683 920 2744 lusus
941 2703 1027 2764 quam
1049 2683 1208 2746 concolores
1221 2685 1357 2764 fallacias

215 2780 400 2852 adteacamus5
423 2779 529 2854 20,14
550 2783 617 2841 ursae
638 2799 724 2861 quam
745 2781 842 2843 valida
862 2787 947 2844 uenali
965 2788 1102 2862 serpentis
1120 2782 1227 2845 uadum
1242 2788 1356 2845 ceruicis

214 2889 240 2941 ct
264 2883 362 2960 capitis
384 2877 532 2951 obstiterim
562 2879 635 2952 Vlll,
661 2879 708 2953 10,
723 2881 761 2940 10
784 2880 852 2941 leus
873 2889 905 2941 tu
921 2927 927 2942 .
946 2926 953 2941 .
975 2901 1060 2962 quam
1081 2883 1168 2961 prole
1190 2891 1263 2944 veste
1285 2901 1355 2943 coa-

215 2987 301 3041 tcctus
317 3023 324 3038 .
340 3023 347 3038 .
364 2978 441 3056 [ores
463 2995 540 3038 meas
562 2977 694 3050 accedam
717 2976 766 3049 ΙΙΙ,
794 2977 872 3052 19,7
894 2981 944 3041 sed
968 2998 1052 3058 quam
1071 2979 1175 3058 procul
1191 2990 1314 3040 semotus
1329 2991 1355 3041 et

215 3077 333 3137 domum
354 3074 440 3134 celeri
459 3076 552 3152 produ
575 3086 725 3156 provectus
755 3075 869 3138 uidebat
896 3088 993 3140 tamea
1019 3079 1121 3140 decora
1148 3078 1202 3140 illa
1228 3089 1356 3140 monetae

218 3174 338 3245 lamma,
363 3188 420 3250 quo
442 3173 506 3232 loco
527 3173 615 3236 simul
637 3175 806 3237 concessiva
829 3178 971 3256 quaedam
995 3178 1130 3239 condicio
1153 3177 1279 3254 inest²);
1307 3177 1356 3251 ΧΙ,

220 3269 299 3343 11,8
320 3271 414 3350 suada
436 3289 521 3351 auam
542 3275 675 3336 rotundo.
718 3274 751 3334 in
774 3275 881 3336 ceteris
904 3277 1021 3356 scriptis
1038 3294 1100 3338 non
1117 3295 1177 3337 uno
1192 3279 1256 3338 loco
1272 3295 1357 3356 quom

216 3369 319 3432 eodem
344 3370 433 3432 modo
464 3380 640 3453 usurpatum
663 3380 716 3434 est.
761 3390 860 3454 neque
889 3393 956 3436 vero
983 3375 1096 3447 dubito,
1131 3376 1202 3455 quin
1230 3376 1357 3454 vulgaris

217 3468 361 3529 sermonis
385 3489 418 3532 ea
441 3473 624 3534 consuetudo
646 3473 744 3546 luerit,
767 3492 856 3553 quam
871 3473 1002 3536 imitatus
1018 3484 1062 3534 cst
1077 3475 1224 3536 Arnolrius
1239 3495 1268 3554 p.
1285 3475 1358 3547 237,

219 3565 257 3628 18
280 3567 315 3627 R.
334 3573 423 3646 poscit
445 3570 514 3631 ardo
538 3589 624 3652 quam
644 3573 743 3651 paucis
769 3581 795 3632 et
822 3577 881 3633 siue
908 3572 977 3634 ullis
998 3575 1291 3636 circumlocuticuidus
1312 3575 1357 3635 di-

216 3685 285 3727 cere.
330 3666 414 3728 aliter
437 3669 558 3749 quidem
582 3671 618 3731 dc
642 3671 730 3732 certis
753 3671 889 3732 formulis
915 3675 1001 3732 ulmis
1023 3691 1118 3753 quam,
1145 3672 1245 3752 oppido
1272 3690 1358 3752 quara

215 3763 405 3828 indicandum
429 3775 486 3839 est,
508 3767 538 3829 in
562 3769 670 3849 quibus
694 3777 723 3831 et
745 3770 913 3833 cuiusmodi
936 3770 1080 3832 similibus
1096 3789 1180 3851 quam
1195 3789 1249 3850 pro
1265 3790 1357 3852 quou-

215 3873 275 3926 tum
297 3866 333 3927 ab
356 3866 580 3945 elegantissimis
603 3869 772 3932 auctoribus
795 3871 924 3949 positum
948 3879 1003 3932 est.

300 3963 348 4024 vix
369 3971 469 4026 autem
492 3965 560 4026 alibi
583 3985 707 4046 nsquam
730 3987 815 4049 quom
835 3968 930 4048 pote⁸l
961 3988 1028 4030 cum
1051 3967 1198 4032 adiectivis
1220 3968 1283 4030 sive
1305 3970 1357 4031 ad·
1426 4001 1429 4008 ⁴

214 4089 426 4100 —u———t--n-

283 4151 305 4215 ¹)
323 4150 355 4202 ei.
374 4151 500 4202 lordanus
518 4150 549 4202 aa
565 4155 692 4204 suasoriis
710 4169 733 4220 p.
747 4154 787 4207 23.

283 4234 305 4296 ²)
324 4231 356 4284 cl.
376 4231 570 4285 liretschmann.
589 4234 607 4284 Ι.
626 4235 644 4285 Ι.
663 4251 686 4301 p.
700 4235 741 4286 99.

282 4315 302 4377 ⁸)
320 4314 388 4365 haud
406 4317 598 4381 comparandum
611 4323 650 4366 est
663 4315 789 4368 Varronis
802 4324 850 4369 snt.
864 4317 931 4369 Men.
942 4316 1012 4368 Mani
1021 4316 1095 4382 lrgm.
1115 4315 1207 4369 filiios.
1227 4316 1272 4384 (=
1284 4316 1359 4369 ΧΧΙΙ

214 4395 316 4460 lineali.)
335 4411 379 4446 uec
396 4400 474 4447 natus
490 4401 529 4447 est
545 4413 591 4448 nea
607 4400 740 4463 morietur,
758 4402 827 4464 vaget
844 4404 915 4464 reget
936 4404 966 4450 ut
985 4405 1047 4468 pote
1068 4402 1210 4469 plurimum
1233 4402 1277 4454 vel
1299 4411 1357 4453 met.

213 4476 278 4542 vul,
296 4477 339 4542 23,
352 4477 377 4528 6.
