3324 5238
346 600 434 664 verba
456 601 597 682 voluptati
621 603 736 665 aurium
761 603 966 684 morigerantia
990 611 1018 666 et
1042 605 1129 686 pleno
1152 609 1252 672 sonitu
1275 610 1409 673 exeuntia
1433 630 1484 673 ex-

345 711 490 782 posceret.
521 701 598 764 forte
621 721 689 764 vero
709 703 822 778 accidit,
846 712 877 764 ut
899 704 930 765 in
945 703 1042 765 Africa
1059 716 1252 770 nascerentur
1274 708 1294 770 ii
1317 711 1485 791 scriptores,

345 800 395 880 qui
418 800 505 862 hodie
527 818 581 862 nos
605 801 680 863 illius
710 802 811 864 aetatis
838 802 1032 865 elocutionem
1067 804 1191 880 docent,
1224 808 1302 870 haud
1329 809 1349 870 ii
1379 809 1485 870 iisdem

345 899 463 961 scholae
478 899 586 977 regulis
610 900 758 976 instructi,
783 901 859 962 haud
880 900 984 963 iisdem
1007 902 1160 964 rhetorum
1184 907 1346 986 praeceptis
1367 907 1485 982 imbuti,

344 999 394 1060 sed
412 999 555 1072 omnium,
572 998 623 1079 qui
638 999 700 1062 eius
714 1000 922 1074 ammiserant,
938 1000 1122 1064 literatorum
1135 1003 1290 1066 hominum
1306 1006 1414 1068 iudicio
1431 1007 1484 1068 de-

345 1097 513 1160 servientes.
530 1116 675 1168 nosram,
692 1106 724 1161 ut
740 1109 936 1178 cognoscatur
951 1109 1094 1181 quantum
1112 1102 1226 1165 diflerat
1241 1104 1317 1166 inter
1328 1106 1486 1184 particula-

343 1215 410 1259 rum
429 1216 515 1259 usum
532 1198 562 1258 in
578 1198 690 1278 Apulei,
712 1199 880 1273 Frontonis,
896 1199 1007 1261 Arnobi
1023 1201 1150 1281 scriptis,
1168 1221 1227 1282 quo
1247 1204 1310 1265 loco
1331 1224 1404 1285 opus
1419 1205 1484 1277 erit,

343 1295 513 1374 Apuleianis
529 1297 602 1358 locis
619 1307 783 1359 ceterorum
800 1307 954 1362 anctorum
971 1300 1039 1361 hinc
1050 1299 1160 1362 similes
1172 1301 1251 1364 illinc
1263 1303 1419 1366 dissimiles
1431 1307 1485 1367 ad-

344 1395 456 1457 demus.
480 1414 582 1460 verum
597 1396 622 1458 si
635 1397 761 1478 probare
773 1416 933 1479 possumus
945 1431 986 1442 -
998 1399 1027 1460 id
1044 1401 1122 1480 quod
1139 1418 1220 1464 nunc
1234 1405 1329 1464 facere
1344 1403 1487 1467 molimur

344 1529 381 1538 —
400 1495 556 1574 Apuleium
569 1514 630 1558 non
646 1515 716 1558 casu
732 1498 775 1558 vel
792 1497 867 1558 forte
883 1500 1002 1560 fortuna
1019 1498 1069 1558 sed
1087 1499 1130 1561 via
1146 1519 1179 1562 ae
1190 1501 1305 1564 ratione
1317 1501 1349 1564 iu
1362 1502 1485 1566 diversis

343 1593 447 1655 libellis
468 1594 633 1656 orationem
654 1595 768 1658 diverso
791 1595 880 1656 modo
900 1595 1082 1670 formavisse,
1105 1616 1139 1658 ea
1156 1598 1218 1678 ipsa
1240 1619 1271 1660 re
1293 1601 1426 1679 quaestio
1448 1603 1485 1662 de

343 1693 496 1754 Africanae
518 1693 669 1754 latinitatis
689 1702 794 1755 natura
813 1712 934 1773 prorsus
956 1701 1165 1767 commutatur,
1187 1699 1265 1775 qnod
1288 1699 1383 1761 adhuc
1398 1699 1430 1761 in
1452 1720 1484 1762 ea

344 1791 525 1870 explananda
548 1791 730 1870 grammatici
758 1791 793 1853 ab
817 1792 920 1871 Apulei
943 1794 1228 1872 metamorphosibus
1257 1797 1380 1875 profecti
1404 1808 1483 1861 sunt.

343 1890 419 1952 clare
442 1897 541 1954 autem
565 1892 725 1953 monstrari
748 1899 847 1970 potest
875 1911 908 1952 ex
939 1891 1054 1954 diverso
1080 1893 1289 1974 particularum
1319 1913 1374 1958 usu
1403 1899 1484 1980 Apu·

344 1992 432 2054 leium
462 1993 491 2054 in
522 1993 800 2073 metamorphoseon
827 1992 908 2054 libris
937 1992 1015 2072 vulgi
1042 2011 1211 2058 sermonem
1234 1995 1379 2059 imitatum
1409 2017 1482 2068 esse,

343 2092 426 2154 ouius
462 2092 593 2172 exempla
629 2091 699 2154 satis
732 2092 854 2155 illustria
889 2110 924 2153 ex
957 2092 1117 2156 comoediis
1146 2101 1174 2154 et
1208 2095 1481 2158 recentissimcrum

343 2200 495 2254 auctorum
519 2191 657 2272 operibus
683 2192 798 2271 cognita
820 2192 971 2267 habemus,
995 2223 1037 2236 --
1066 2193 1096 2253 in
1120 2191 1258 2252 omnibus
1282 2193 1384 2253 ceteris
1406 2194 1481 2256 sori-

342 2291 400 2370 ptis
423 2298 473 2352 aut
489 2290 640 2352 Ciceronis
659 2291 912 2353 constructionem
935 2300 1070 2354 secutum
1094 2297 1229 2351 esse'aut
1252 2309 1300 2352 eas
1323 2307 1409 2352 voces
1432 2307 1480 2352 eas

343 2389 567 2450 coniunctiones
589 2389 763 2468 praetulisse
786 2408 861 2470 quae
884 2398 1005 2470 propter
1019 2391 1137 2470 plenum
1154 2407 1291 2450 sonuma
1313 2387 1481 2451 rhetoribus

342 2494 405 2549 tum
429 2488 599 2568 frequenter
621 2487 759 2549 videntur
781 2498 939 2568 usurpatae
962 2507 1038 2551 asse.
1083 2487 1237 2562 citabimus
1254 2505 1322 2551 vero
1345 2489 1425 2550 locos
1448 2505 1482 2550 ex

342 2587 631 2667 metamorphosibus
644 2595 798 2668 excerptos
810 2605 844 2649 ex
857 2588 1032 2649 auctoritate
1045 2584 1195 2660 editionis,
1214 2607 1302 2668 quam
1312 2589 1486 2651 Franciscua

341 2686 589 2766 Eyssenhardtius
612 2686 723 2748 curavit
733 2686 862 2748 Berolini
878 2682 1100 2749 MDCCCLXIX.
1130 2688 1212 2749 cuius
1236 2687 1374 2750 editionis
1397 2695 1484 2768 typo-

342 2786 478 2867 graphica
505 2793 599 2849 errata
628 2785 757 2848 taedium
789 2785 935 2848 adferant.
980 2785 1018 2846 ite
1049 2786 1083 2847 fvt
1112 2803 1324 2866 saepenumero
1353 2805 1420 2848 cum
1448 2786 1487 2848 de

345 2886 615 2966 manuscriptorum
639 2884 813 2966 corruptelis
837 2891 1056 2946 commentatus
1073 2885 1112 2946 sis
1134 2886 1316 2966 aliquantum
1333 2887 1484 2966 temporis,

345 2994 376 3046 nt
398 2985 441 3046 vel
465 2986 713 3066 typographorum
730 2984 912 3064 neglegentia
929 2985 1068 3065 adpareat
1088 2985 1135 3046 vel
1151 2985 1299 3046 incertum
1315 2985 1362 3057 sit,
1383 2993 1483 3046 utrum

342 3084 449 3144 horum
473 3101 556 3144 error
579 3101 616 3146 an
639 3085 759 3145 editoris
781 3084 852 3145 falsa
877 3084 1046 3146 emendatio
1068 3086 1165 3146 locum
1197 3083 1441 3147 contaminaverit
1450 3079 1485 3163 ¹).

342 3199 398 3243 neo
422 3200 490 3243 vero
514 3181 544 3242 in
569 3183 668 3243 animo
692 3189 738 3242 est
764 3182 901 3260 persequi
934 3200 1052 3242 errores
1087 3182 1140 3242 viri
1171 3183 1263 3253 docti,
1292 3183 1341 3262 qui
1377 3181 1486 3244 utalia

344 3281 486 3360 sagaciter
508 3289 537 3342 et
565 3287 699 3343 accurate
730 3277 888 3340 elaboravit
914 3278 954 3338 ita
978 3277 1166 3339 hildebrandi
1193 3278 1308 3355 ingenti
1336 3279 1487 3340 volumine

345 3399 400 3442 nos
423 3380 564 3442 liberavit.
616 3380 766 3460 apologiae
794 3384 892 3440 autem
921 3385 952 3437 et
979 3376 1152 3438 floridorum
1180 3374 1342 3438 editionem
1363 3375 1485 3437 Garstavi

343 3477 485 3558 llruegeri
501 3497 671 3560 sequemur,
690 3476 963 3558 philosophicorum
980 3475 1160 3555 scriptorum
1175 3473 1266 3536 Aloisi
1281 3471 1485 3548 Goldhacheri,

342 3579 382 3639 ita
406 3585 439 3639 nt
461 3585 578 3658 praeter
600 3578 731 3657 capitum
759 3593 900 3637 numeros
932 3591 1033 3635 versus
1066 3572 1282 3646 adscribamus,
1317 3573 1425 3654 quibus
1453 3575 1485 3636 in

343 3677 522 3740 editionibus
545 3693 618 3759 quas
642 3675 859 3739 nominavimus
880 3675 991 3754 singula
1007 3674 1156 3753 leguntur.
1200 3672 1297 3734 solum
1312 3671 1485 3735 floridorum

343 3777 432 3850 locos,
455 3776 505 3838 ubi
527 3775 629 3858 'capita
658 3775 794 3855 longiora
820 3779 906 3847 sunt,
935 3773 1048 3854 paginis
1076 3779 1105 3834 et
1133 3770 1269 3834 versibus
1294 3770 1485 3852 llruegariani

344 3875 470 3955 exempli
493 3875 644 3955 adscriptis
667 3874 862 3955 proferemus.
907 3891 981 3954 quae
1005 3879 1154 3954 praeterea
1177 3869 1285 3932 auxilio
1310 3880 1395 3934 erant
1422 3870 1485 3932 dis-

343 3974 511 4046 sertationi,
545 3993 600 4037 sno
633 3975 697 4036 loeo
730 3974 958 4036 adnotabuntur.
1009 3972 1117 4035 librum
1150 3987 1219 4033 vero
1247 3969 1280 4031 dc
1308 3971 1486 4051 philosophia

342 4065 484 4136 rottoooh·
502 4078 559 4137 sive
582 4068 660 4156 περὶ
683 4069 871 4156 ἑρμηνείας,
902 4073 951 4153 qui
984 4073 1119 4153 sequitur
1145 4071 1177 4132 in
1201 4070 1354 4133 nonnullis
1376 4087 1486 4132 manu·-

344 4172 463 4254 soriptis
487 4173 560 4238 duos
583 4173 619 4234 de
642 4172 763 4234 Platone
786 4172 908 4252 eiusque
932 4173 1067 4250 dogmate
1089 4170 1195 4242 libros,
1224 4169 1394 4244 omisimus,
1413 4169 1485 4251 'quia

411 4395 432 4462 ¹)
450 4396 516 4448 idern
535 4393 668 4446 lioziolius
681 4395 798 4448 breviter
815 4395 947 4446 adnotavit
959 4392 1126 4461 ephemeridis
1145 4407 1228 4460 gymn.
1247 4393 1336 4446 Anstr.
1356 4395 1407 4448 vol.
1420 4391 1484 4445 xxi

344 4478 429 4544 (tato)
449 4493 472 4544 p.
494 4478 550 4530 172.
