3324 5238
791 367 1088 467 -at-'

328 577 411 642 κοιεδ
434 572 549 644 στενόν
570 578 676 642 τεκαὶ
692 577 837 663 ἐπιμήκη
861 578 985 663 διήκων
1008 575 1129 660 αδχένα
1144 575 1249 643 πάλιν
1264 575 1477 664 ἀνευρύνεται

327 678 386 762 τὴν
405 675 578 761 Ὑρκανίαν
599 703 634 742 cs
656 679 713 740 noti
737 671 930 757 naeniam)
954 675 1081 763 ὁρίζων.
1129 681 1177 742 hic
1199 680 1289 760 igilur
1311 681 1422 744 Oceani
1444 683 1478 744 in

328 779 449 842 orientis
471 779 563 859 plagis
586 787 700 861 partem
724 781 860 844 Rubrum
884 798 966 844 more
989 797 1054 842 esse
1069 779 1210 860 disputat,
1240 797 1256 841 a
1279 797 1339 860 quo
1362 781 1478 860 Hyrca-

327 897 402 944 num
422 886 451 940 et
471 879 610 959 Caspium
626 880 798 959 longincum
813 890 844 944 et
865 881 987 942 alterius
1010 895 1120 944 cornus
1135 895 1200 940 esse
1223 877 1357 941 dilucidis
1379 881 1478 944 verbis

328 978 433 1041 edicit:
455 978 503 1040 ille
517 977 612 1042 Rubri
625 977 713 1042 maris
726 981 832 1042 linctus
845 997 914 1042 mos
930 977 961 1040 iu
971 978 1140 1059 Hyrcanum
1161 977 1290 1040 transire
1305 977 1477 1042 hariolatur.

329 1096 397 1140 nam
418 1097 460 1151 ea,
483 1094 557 1158 quae
580 1079 685 1141 dehis
707 1077 798 1141 rebus
820 1079 965 1144 memoria
988 1086 1225 1156 coacervaverat,
1248 1077 1392 1158 impedire
1415 1097 1478 1141 non

328 1186 506 1258 potueruut,
540 1178 612 1258 quin
645 1196 785 1258 praeceps
819 1179 851 1239 in
886 1195 1000 1242 errores
1036 1177 1203 1239 incurreret
1235 1176 1382 1258 verbaque
1420 1173 1480 1240 ἐπί

328 1272 474 1358 θάτερον
496 1278 592 1361 κέρας
613 1277 687 1339 falso
714 1277 986 1357 comprehenderet.
1031 1276 1155 1338 offendit
1183 1295 1253 1338 vero
1281 1277 1337 1340 hoc
1359 1295 1480 1358 quoque

328 1377 395 1438 loce
417 1376 448 1436 iu
473 1395 543 1439 voce
564 1372 712 1459 θάτερον
735 1376 815 1440 velut
837 1377 871 1438 ad
895 1376 1032 1456 scopulos
1056 1369 1177 1438 adlisus.¹

413 1483 517 1546 restat,
539 1483 574 1536 ut
595 1493 688 1538 unum
712 1476 809 1538 locum
832 1475 1035 1556 respiciamus,
1060 1492 1119 1555 quo
1141 1473 1295 1555 Apuleius,
1318 1474 1369 1554 qui
1393 1475 1481 1555 vulgo

329 1573 512 1655 perhibetur,
533 1592 638 1636 rursus
667 1591 761 1636 unum
785 1575 930 1636 Graecum
959 1572 1134 1638 vocabulum
1168 1572 1240 1636 falso
1263 1571 1367 1634 Latine
1400 1573 1482 1635 iecit.

330 1691 401 1736 nam
422 1693 452 1754 p.
475 1672 568 1735 asab
591 1673 610 1734 9
634 1672 698 1734 libri
723 1671 800 1753 περὶ
823 1665 949 1754 κόσμου
969 1674 1000 1734 in
1025 1673 1110 1736 initio
1126 1671 1343 1736 dissertationis
1360 1673 1482 1735 alterius

330 1773 432 1853 partis,
455 1789 531 1852 quae
553 1773 590 1832 de
614 1773 668 1833 deo
692 1771 796 1834 mundi
810 1780 926 1835 rectore
941 1768 1157 1852 hominumque
1173 1771 1294 1832 domino
1317 1772 1385 1850 agit,
1407 1773 1483 1836 haee

330 1871 417 1932 verbe
429 1870 524 1950 posita
542 1877 626 1932 suut:
653 1867 791 1934 Λοιπὸν
813 1867 851 1933 δὲ
873 1868 913 1952 δὴ
937 1869 1086 1953 περὶτῆς
1108 1871 1175 1932 τῶν
1190 1861 1277 1931 ὅλων
1291 1869 1483 1954 coventreia

331 1969 442 2043 αἰτίας
465 1962 640 2047 (odelerii)
664 1967 953 2053 κεφαλαιωδῶς
975 1969 1100 2041 εἰπεῖν,
1132 1985 1207 2047 quae
1229 1967 1333 2031 Latine
1355 1972 1483 2031 formata

331 2077 403 2131 sunt
425 2088 469 2148 ep.
494 2069 544 2142 24,
571 2071 642 2149 lsq.
665 2080 760 2142 restat,
784 2071 859 2150 qaod
881 2079 986 2150 caput
1018 2079 1071 2131 est
1103 2072 1275 2131 sermonis
1300 2070 1416 2141 laius,
1450 2077 1484 2130 at

330 2187 416 2248 saper
436 2169 540 2231 maadi
559 2177 667 2230 rectore
689 2168 777 2230 vardo
804 2171 957 2248 sociamus.
1003 2163 1240 2249 κεφαλαιωδῶς
1267 2167 1357 2248 igitur
1383 2168 1482 2230 verbis

331 2267 404 2348 qaod
425 2277 510 2348 captat
524 2277 565 2328 est
585 2271 725 2328 sermome
746 2267 831 2328 isaias
852 2266 881 2327 id
905 2275 952 2327 est
980 2267 1055 2346 qaod
1086 2285 1198 2330 mmma
1230 2285 1263 2328 ac
1292 2271 1481 2348 praeraptam

330 2366 492 2428 ludendam
524 2375 565 2428 est
596 2365 744 2430 redditum
780 2374 833 2430 est.
869 2381 1024 2446 nunquam
1059 2385 1128 2426 vero
1158 2362 1394 2448 κεφαλαιωδῶς
1413 2381 1479 2430 retu

331 2465 520 2545 singularem,
543 2465 692 2544 insignem
715 2465 836 2545 proprie
858 2483 891 2526 ao
913 2464 1013 2526 multis
1046 2464 1141 2526 verbis
1177 2465 1294 2526 tractari
1327 2463 1482 2544 significat,

331 2563 383 2626 sed
407 2583 440 2625 ea
463 2583 539 2644 quae
561 2565 711 2644 proposita
735 2572 807 2625 sunt
828 2561 916 2626 rebus
938 2564 1056 2625 arctatis
1079 2571 1109 2624 et
1131 2564 1228 2626 causis
1252 2561 1484 2642 circumscriptis

330 2663 395 2724 siue
417 2662 484 2726 ullis
506 2663 649 2725 orationis
670 2663 831 2725 luminibus
855 2663 973 2725 ostendi
995 2663 1116 2725 indicat.
1154 2671 1187 2724 ut
1201 2661 1310 2744 alioqui
1327 2659 1362 2725 δν
1378 2682 1483 2744 κεφα·

332 2758 416 2844 λαίφ
440 2762 502 2823 sira
524 2759 557 2823 ἓν
572 2758 768 2844 κεφαλαίοις
784 2761 845 2823 sive
860 2759 918 2822 ἕπλ
934 2759 1119 2846 κεφαλαίου
1135 2768 1305 2842 usurpatur,
1328 2762 1366 2822 ita
1382 2779 1484 2843 κεφα-

332 2855 484 2933 λαιωδῶς
516 2870 550 2922 ut
582 2863 758 2932 summatim,
791 2860 969 2942 capitulatim
990 2861 1217 2941 intelligendum
1249 2853 1322 2934 est3'
1344 2875 1378 2920 ac
1399 2857 1485 2920 simi-

332 2960 399 3022 liter
420 2960 499 3022 idem
522 2959 783 3022 Pseudaristotcles
806 2981 835 3042 p.
859 2960 949 3024 aeta
971 2961 990 3023 8
1020 2955 1104 3024 αὐτὰ
1130 2957 1173 3022 soi
1194 2953 1359 3035 ἀναγκαία
1381 2976 1486 3040 κεφα-

332 3053 526 3140 λαιούμενοι
549 3059 676 3138 scripsit,
712 3060 789 3140 quod
812 3059 936 3122 Latinus
969 3061 1118 3142 interpres
1151 3059 1238 3140 plane
1271 3056 1380 3118 omisit.
1414 3072 1485 3118 nam

333 3150 460 3238 κεφαλή
484 3157 601 3236 quidem
625 3167 714 3238 ceput
734 3175 838 3220 rerum
860 3177 894 3220 ac
911 3161 1068 3222 maximam
1084 3159 1143 3219 dm
1159 3173 1316 3219 causarum
1332 3154 1484 3234 significat,

332 3255 405 3318 item
421 3252 614 3338 κεφάλαιον,
637 3274 793 3337 nunquam
809 3253 1077 3340 κεφαλαιωδῶςί)
1101 3257 1147 3317 vel
1173 3255 1289 3322 similia.
1326 3253 1485 3335 Apuleium

333 3373 402 3418 vero
425 3354 548 3417 Athenis
571 3363 609 3417 ue
633 3375 668 3418 eo
691 3356 809 3436 quidem
839 3356 871 3417 in
904 3356 1009 3418 studiis
1033 3355 1150 3417 Graecis
1183 3369 1375 3435 progressum
1409 3369 1485 3425 esse,

333 3463 368 3516 ut
390 3454 599 3516 vocabulorum
621 3456 859 3534 pervulgatomm
876 3452 1122 3538 κεφαλαιωδῶς,
1145 3447 1273 3525 ὕπατος
1294 3453 1354 3514 vim
1377 3467 1486 3513 nosce-

333 3559 390 3625 ret,
414 3561 446 3614 ut
467 3549 590 3632 νόμους
610 3573 644 3615 aa
665 3543 789 3634 νομούς
805 3564 885 3618 recte
905 3554 1072 3616 discernere
1095 3560 1206 3633 posset,
1229 3558 1263 3613 ut
1277 3550 1358 3612 vorbi
1375 3545 1484 3622 νότιος

334 3657 424 3731 atque
445 3645 531 3733 ἦθος
554 3650 684 3716 diversas
706 3653 845 3715 notiones
867 3651 1033 3733 perciperet
1065 3669 1099 3714 ac
1131 3645 1313 3730 distinguere
1347 3649 1485 3718 disceret,

335 3803 548 3816 *οη-,ἡ

402 3894 423 3960 ¹)
441 3892 600 3945 Aristoteles
619 3893 673 3960 ipse
692 3893 779 3944 codem
798 3892 870 3943 modo
889 3893 937 3944 duo
956 3893 1036 3944 maria
1056 3891 1173 3960 Caspium
1191 3897 1217 3942 et
1235 3887 1381 3958 Hyrcanum
1399 3903 1485 3943 secre-

334 3976 374 4028 vit
391 3983 496 4026 mersor.
516 3973 545 4041 ll,
568 3977 589 4038 1,
604 3976 642 4027 10.
680 3989 785 4040 qaorum
807 3975 855 4026 hoe
873 3973 998 4025 Orionem
1025 3973 1141 4042 paludem
1169 3972 1315 4035 significare
1342 3971 1426 4023 ideler
1454 3973 1486 4022 ad

334 4059 351 4113 t
370 4058 387 4108 l.
406 4057 445 4110 ed.
464 4057 515 4108 vel.
534 4055 545 4110 l
563 4073 587 4123 p.
605 4057 655 4108 499
666 4072 702 4123 sq.
730 4055 835 4108 iudicat.
853 4055 918 4110 ocni.
938 4057 1002 4107 Plio.
1020 4056 1064 4120 vl,
1084 4056 1125 4121 16,
1139 4054 1169 4105 18
1187 4053 1248 4104 hist.
1261 4059 1311 4106 eat
1350 4051 1487 4118 llarbiger,

333 4139 377 4206 qui
395 4145 446 4190 eat.
464 4152 552 4203 geogr.
571 4137 592 4188 ll
610 4154 633 4204 p.
653 4139 685 4188 29
703 4139 760 4190 ada.
780 4140 811 4188 51
831 4138 943 4189 dilucide
960 4138 992 4190 de
1011 4153 1039 4189 ee
1057 4137 1207 4189 condicione
1225 4135 1286 4200 egit,
1307 4133 1487 4188 Pseuderiste·

334 4222 425 4274 tellum
444 4221 528 4271 locum
547 4226 574 4270 et
591 4220 758 4286 Apuleiaaum
776 4219 959 4287 praetermisit.

402 4305 423 4365 'l
443 4301 508 4354 coel.
527 4299 655 4368 liruegeri
679 4317 782 4366 gramm.
802 4301 893 4352 Graec.
911 4300 928 4366 ξ
947 4301 1042 4366 51,10,
1063 4300 1106 4362 123
1131 4297 1173 4364 61,
1186 4297 1211 4364 3,
1225 4300 1265 4353 12.
1300 4302 1331 4351 de
1347 4311 1397 4349 usu
1414 4299 1487 4350 vocis

334 4383 617 4458 sepalasadtctspoc,
635 4381 916 4456 κεφαλαιωδέστατον,
934 4377 1149 4450 κεφαλαιόιατον
1173 4381 1316 4435 Lobecklus
1335 4382 1366 4432 ad
1390 4381 1487 4447 Phryn.

335 4485 358 4538 p.
379 4467 435 4522 271.
