3316 5236
774 435 996 498 ..pg-

315 633 379 677 eam
404 633 474 676 vero
497 613 651 676 Minuciam
675 613 823 693 porticum
846 615 876 675 iu
900 629 978 674 noua
1002 611 1084 676 urbis
1107 613 1226 692 regione
1248 612 1347 686 sitam,
1370 625 1459 691 quam

313 713 421 777 Notitia
444 715 726 793 frumentariam
749 713 892 787 nominat,
921 713 957 774 ab
980 713 1119 775 omuibus
1141 712 1361 795 frequentatam
1385 729 1460 781 esse,
1540 721 1552 734 ·

314 813 365 892 qui
386 813 653 886 frumentarentur,
677 821 781 874 notum
807 818 852 873 est
874 819 962 892 atque
985 813 1048 874 eius
1066 820 1096 873 et
1119 821 1265 873 curatores
1280 829 1316 872 ex
1332 809 1461 890 antiquis

313 911 558 992 inscriptionibus
581 911 718 974 novimus
748 921 777 972 et
800 922 1004 990 procuratores
1031 919 1194 991 equestres.
1240 911 1276 970 do
1306 928 1363 990 qua
1394 908 1462 969 dili-

313 1018 416 1089 genter
438 1010 646 1091 quaesiverunt
668 1011 701 1070 A.
726 1011 756 1071 S.
780 1010 950 1071 llazochius
971 1010 1255 1072 commentariorum
1278 1009 1310 1069 iu
1333 1007 1461 1068 aheneas

312 1111 426 1172 tabulas
444 1109 649 1171 Heracleenses
665 1109 721 1170 vol.
737 1109 749 1169 l
766 1109 887 1189 Neapoli
904 1129 927 1170 a.
948 1109 1029 1170 1754
1048 1109 1116 1171 editi
1139 1129 1169 1188 p.
1186 1108 1257 1170 310.
1282 1105 1460 1179 als-323,

314 1211 365 1290 qui
386 1209 522 1271 tributim
555 1209 596 1270 ibi
619 1209 727 1288 populo
757 1225 817 1270 non
840 1212 1026 1271 frumentum
1055 1209 1164 1289 ipsum,
1195 1208 1247 1269 sed
1275 1215 1404 1268 tesseras
1427 1223 1461 1265 ex

313 1309 435 1388 singulis
459 1308 591 1389 porticus
614 1309 699 1371 ostiis
722 1309 805 1371 datas
823 1327 887 1370 esse
904 1327 958 1389 pro
978 1317 1059 1370 certo
1075 1308 1171 1380 habet,
1194 1315 1282 1388 atque
1303 1305 1335 1366 L.
1353 1305 1462 1367 Preller

314 1409 469 1488 regionum
494 1407 574 1470 urbis
598 1407 708 1470 Romae
732 1427 759 1488 p.
787 1408 857 1470 168.
881 1409 952 1469 251.
990 1409 1088 1469 denuo
1114 1406 1321 1487 quaestionem
1344 1405 1463 1484 repetiit
1523 1411 1539 1418 ”

313 1517 402 1589 atque
431 1509 532 1588 paucis
561 1506 687 1569 absolvit
717 1506 787 1567 Otto
818 1505 1031 1568 llirsohfeltlius
1065 1505 1208 1584 Philologi
1237 1505 1293 1566 vol.
1317 1503 1410 1564 XXIX
1432 1523 1461 1582 p.

314 1607 450 1668 63-67.
485 1607 509 1668 is
532 1604 602 1667 inde
624 1605 660 1666 ab
682 1604 869 1684 imperatoris
899 1604 1057 1668 Alexandri
1087 1605 1186 1666 Severi
1218 1602 1402 1684 temporibus
1430 1604 1461 1663 iu

313 1707 430 1786 porticu
452 1705 578 1768 Minucia
601 1723 661 1766 nou
683 1705 742 1766 iam
768 1721 905 1766 annonae
938 1704 1157 1784 dispensatores
1186 1721 1288 1764 verum
1317 1719 1462 1782 aquarum

315 1813 470 1869 curatores·
487 1803 640 1883 negotium
663 1802 802 1865 habuisse
827 1821 872 1864 ex
893 1801 1135 1882 inscriptionibus
1163 1799 1316 1863 nonnullis
1345 1799 1461 1878 colligit,

315 1923 387 1985 quas
410 1902 519 1964 rectius
541 1901 667 1964 fortasse
693 1899 835 1963 Marinius
863 1905 917 1962 otti
937 1921 951 1962 e
973 1904 1151 1962 mouumenti
1171 1900 1212 1962 de‘
1234 1899 1350 1979 [rotelli
1369 1901 1465 1962 orouti

210 2035 212 2040 ·
314 2005 369 2067 vol
392 2003 418 2063 ll
439 2021 468 2083 p.
485 2000 544 2063 801
570 2001 602 2061 ln
624 1999 876 2062 observationibus
900 2000 935 2064 ad
958 2000 1047 2062 tabul.
1072 1999 1149 2061 LXll
1171 2000 1259 2061 linb
1283 2000 1462 2063 adoratorem

313 2103 471 2164 Minuciam
493 2100 704 2163 frumentariae
726 2100 910 2164 adiacentem
935 2103 1033 2161 refert.
1080 2107 1197 2162 constat
1221 2117 1289 2160 vero
1312 2099 1461 2179 porticum

314 2201 472 2263 bllnuciam
496 2201 593 2263 locum
617 2199 758 2262 omnibus
780 2199 922 2262 Romanis
946 2199 1117 2261 hominibus
1139 2205 1244 2260 notum
1267 2198 1372 2274 fuisse,
1402 2217 1461 2278 quo

315 2318 420 2380 magua
444 2301 487 2361 ris
508 2300 609 2380 populi
632 2317 809 2361 concurrere
824 2299 947 2360 solebat.
993 2298 1100 2360 erravit
1116 2297 1204 2378 igitur
1219 2298 1251 2358 A.
1268 2297 1460 2371 Goldbaoher,

314 2400 420 2480 quiin
443 2399 542 2461 indice
569 2399 726 2461 nominum
761 2398 900 2460 editionis
933 2417 1004 2460 suae
1031 2416 1060 2476 p.
1080 2395 1139 2458 139
1172 2398 1299 2459 fortasse
1333 2404 1460 2459 statuam

314 2499 473 2564 Minuciam
496 2498 621 2577 intelligi
643 2515 731 2578 posse
746 2497 905 2559 arbitratus
922 2504 984 2558 est:
1009 2495 1121 2558 scilicet
1137 2496 1272 2574 cogitavit
1294 2497 1332 2558 dc
1352 2511 1462 2557 monu-

314 2607 415 2661 mento
438 2598 472 2658 L.
495 2597 605 2659 Minuci
627 2596 770 2675 Augurini
793 2616 853 2658 cos.
876 2616 902 2657 a.
926 2595 988 2658 296
1013 2615 1041 2657 u.
1065 2613 1100 2667 c.‚
1124 2595 1161 2656 de
1183 2613 1242 2675 quo
1258 2595 1375 2658 ridendi
1390 2602 1462 2656 sunt

314 2697 425 2760 Becker
441 2704 553 2777 topogr.
568 2714 594 2775 p.
612 2695 681 2770 165,
697 2695 900 2758 Mommsenus
916 2695 984 2756 hist.
1000 2696 1044 2756 rei
1060 2713 1174 2756 numm.
1191 2713 1217 2774 p.
1232 2695 1293 2756 550
1309 2695 1375 2756 adn.
1389 2693 1461 2756 265.

399 2799 476 2860 clare
499 2813 569 2857 vcro
584 2815 620 2857 ex
636 2795 671 2857 iis
695 2795 811 2858 duobus
827 2795 908 2867 locis,
932 2813 1006 2874 quos
1020 2794 1222 2866 tractavimus,
1244 2793 1387 2873 adparere
1401 2811 1462 2854 no-

314 2897 360 2958 bis
383 2897 501 2959 videtur
528 2895 636 2957 librum
664 2895 701 2957 de
730 2895 844 2957 mundo
872 2895 983 2956 Romae
1012 2893 1196 2956 elaboratum
1219 2911 1292 2954 esse.
1338 2910 1407 2971 ergo
1435 2893 1461 2954 sl

314 2994 463 3076 Apuleius,
491 2995 538 3056 cui
561 2993 596 3056 ab
620 2993 753 3055 omnium
777 3011 927 3055 consensu
956 2993 1052 3055 adhuc
1074 2991 1234 3054 attributus
1257 3000 1310 3063 cst,
1338 3009 1370 3052 re
1394 3009 1461 3052 vera

314 3096 377 3156 eius
401 3100 503 3155 auctor
524 3093 673 3172 putandus
692 3102 745 3169 est,
769 3092 914 3172 seqnitur,
939 3099 972 3153 ut
993 3091 1017 3152 is
1040 3091 1110 3152 dum
1133 3091 1163 3152 in
1186 3091 1261 3152 urbe
1283 3097 1460 3167 moraretur,

315 3188 393 3273 περὶ
416 3187 541 3271 κόσμου
571 3190 679 3252 librum
702 3191 804 3252 Latine
832 3191 945 3252 fecerit.
990 3206 1183 3270 quaecuuque
1210 3189 1246 3251 de
1274 3190 1377 3269 Apulei
1403 3189 1462 3250 vita

316 3289 431 3370 cognita
455 3287 608 3364 babemus,
631 3309 667 3350 en
690 3290 761 3369 ipsis
784 3290 846 3352 eius
869 3289 987 3370 scriptis
1002 3289 1178 3368 deprompta
1201 3295 1283 3360 suut,
1306 3289 1386 3350 uude
1401 3305 1461 3366 quo

316 3391 406 3452 modo
428 3389 538 3452 hauriri
560 3398 669 3468 posset,
693 3388 922 3450 lllldsbraudius
945 3389 977 3449 lu
993 3385 1201 3448 dissertatione
1220 3385 1385 3465 inaugurali
1407 3386 1462 3446 de-

317 3489 502 3550 monstravit.
547 3488 659 3549 Romae
682 3496 782 3550 autem
805 3487 962 3568 Apuleium
991 3485 1173 3565 aliquantum
1195 3485 1340 3566 temporis
1363 3483 1462 3546 domi-

315 3587 413 3650 cilium
437 3586 573 3648 habuissa
596 3605 630 3647 ex
653 3585 769 3648 duobus
795 3587 952 3667 praecipua
979 3585 1050 3646 locis
1080 3584 1201 3646 scimus.
1247 3583 1355 3662 legitur
1382 3583 1461 3643 caim

315 3688 379 3748 tlor.
401 3705 430 3767 p.
446 3685 496 3759 26,
514 3688 588 3764 bsq.
610 3689 651 3747 itu
672 3703 781 3765 semper
803 3687 838 3746 ob
860 3689 976 3747 iueuute
999 3701 1067 3744 oeoo
1089 3683 1178 3744 bouus
1200 3692 1276 3744 ortes
1296 3682 1395 3744 sedulo
1411 3700 1461 3743 co-

316 3785 361 3847 lui
381 3804 498 3866 actuque
513 3785 758 3846 'emistimotiouem
786 3801 900 3846 momm
923 3803 957 3844 oc
978 3782 1138 3844 studiorum
1164 3801 1228 3844 cum
1259 3786 1291 3842 iu
1313 3785 1463 3861 provincio

315 3894 415 3946 codro
436 3894 497 3944 tum
519 3886 605 3945 etiam
625 3883 762 3944 liomoe'
774 3901 861 3963 peaes
883 3886 989 3946 amieos
1009 3891 1079 3946 tuos
1094 3886 1232 3962 quoesisse
1260 3899 1304 3944 mc
1326 3891 1385 3942 tute
1404 3883 1462 3961 ipse

317 3983 551 4063 locupletissimus
573 3987 650 4044 testis
673 4001 718 4056 es‚·
740 3991 829 4062 atque
853 3990 922 4044 mel.
946 3983 967 4054 l,
994 3984 1021 4055 l,
1039 3981 1115 4062 8sq.
1137 3983 1180 4044 ibi
1199 3983 1327 4062 liupuom
1342 3979 1462 4044 Attidem

313 4086 415 4163 prinus
433 4085 575 4162 pueritiae
597 4081 742 4162 stipeudiis
763 4086 864 4154 merui,
887 4097 956 4142 mou
976 4085 1009 4142 iu
1031 4081 1116 4142 urbe
1138 4080 1240 4143 botin
1267 4081 1378 4141 odomo
1399 4087 1462 4140 stu·

316 4183 431 4244 diorum
466 4179 624 4252 Quiritium
656 4182 818 4261 iudipeuom
853 4195 1011 4244 sermonum
1040 4181 1233 4242 aarumuobiti
1257 4177 1354 4240 tutore
1379 4177 1463 4240 uartto

316 4285 436 4360 mcqisto
455 4289 610 4360 praesuma
632 4281 781 4359 adpressus
802 4277 923 4341 eucolui.
960 4279 1041 4340 unde
1057 4279 1198 4348 discimus
1214 4277 1372 4358 Apuleium
1392 4293 1461 4338 cum

317 4379 492 4460 Cartbagine
514 4379 656 4442 educatus
679 4380 709 4439 in
732 4378 853 4440 Graecia
876 4377 984 4440 studiis
1006 4379 1160 4441 literarum
1181 4397 1215 4440 se
1229 4377 1372 4449 dedisset,
1396 4385 1460 4438 tum

317 4477 437 4540 demum
459 4478 573 4540 Romae
598 4478 728 4557 lingnam
757 4477 891 4540 latinam
914 4477 993 4539 inter
1021 4479 1131 4540 summi
1161 4475 1274 4539 ordinis
1304 4476 1384 4538 viros
1410 4494 1461 4537 ex-
