3324 5238
759 324 981 386 ..72-

295 505 407 578 luisset,
430 505 455 565 si
478 502 513 565 ab
538 501 676 564 omnibus
700 502 803 575 lectus,
827 518 908 562 mera
925 501 1048 564 stultitia
1064 501 1169 564 luisset
1191 517 1258 564 eum
1281 500 1390 562 librum
1415 508 1449 562 ut

295 604 415 686 proprie
451 603 634 665 elaboratum
674 602 776 676 edere,
814 619 905 682 qoem
942 601 1059 664 aliunde
1091 601 1122 662 in
1150 601 1283 662 Latinam
1315 598 1449 678 linguam

295 701 482 780 translatum,
507 702 559 782 qui
581 702 722 780 legerent,
751 701 898 780 extemplo
920 708 1126 780 agnoscerent.
1172 717 1240 778 ergo
1264 715 1302 758 ne
1324 697 1447 776 longum

295 802 411 877 faciam,
434 801 570 881 equidem
594 799 717 862 credere
740 816 801 860 non
829 816 953 878 possum
976 797 1133 878 Apuleium
1166 797 1207 860 ita
1240 794 1449 876 imprudenter

296 909 488 963 externorum
512 899 643 961 nummis
666 917 750 960 suam
779 903 880 960 notam
909 897 1113 977 impressisse,
1148 895 1205 958 nisi
1238 895 1316 956 lorte
1350 893 1448 955 omnia

295 1007 357 1061 tam
379 1005 447 1080 apta
469 997 500 1059 in
522 1017 557 1059 eo
579 996 655 1058 libro
677 1005 737 1058 tam
761 993 966 1058 convenientia
989 1003 1075 1068 sunt,
1110 1002 1144 1055 ut
1177 992 1274 1056 omnis
1303 991 1448 1054 dubitatio

296 1099 332 1160 de
355 1097 418 1160 eius
441 1097 616 1160 auctoritate
638 1095 788 1176 eripiatur.
832 1113 865 1156 re
887 1113 954 1157 vcra
985 1096 1082 1156 a'utem
1111 1112 1179 1156 cum
1213 1101 1363 1174 praeterea
1386 1100 1448 1152 tam

296 1196 387 1258 multa
402 1205 463 1258 tam
480 1213 597 1276 gravem
614 1195 810 1258 offensionem
827 1195 965 1273 babeant,
989 1213 1062 1276 quae
1079 1192 1217 1275 Apuleius
1234 1192 1449 1273 conscripsisse

295 1297 340 1358 vel
363 1296 536 1376 concepisse
559 1311 619 1356 non
642 1301 751 1375 potest,
773 1301 870 1355 totum
894 1293 973 1355 istud
993 1311 1067 1374 opus
1090 1311 1212 1373 prorsus
1228 1290 1265 1354 ab
1282 1309 1317 1351 eo
1333 1290 1449 1352 abiudi-

296 1396 425 1458 candum
448 1413 513 1457 esse
534 1393 672 1456 arbitror.
963 1403 965 1408 ’

382 1493 502 1568 accedit,
527 1493 606 1574 quod
630 1492 704 1554 duos
728 1497 864 1553 auctores
880 1489 1040 1552 nominans
1065 1490 1221 1569 utriusque
1244 1487 1334 1551 fontis
1358 1489 1449 1550 vesti-

297 1593 379 1673 gium
402 1593 489 1671 delet.
513 1610 581 1654 nam
605 1611 633 1672 p.
660 1590 731 1664 106,
747 1587 788 1650 26
804 1609 847 1669 sq.
870 1589 960 1650 hnem
983 1588 1129 1669 prooemii
1152 1589 1221 1650 lacit
1243 1587 1337 1650 hunc:
1361 1606 1451 1670 prore

296 1713 348 1756 roos
380 1691 557 1755 Aristotelem
590 1690 847 1771 modestissimum
879 1700 904 1751 et
938 1689 1128 1751 doctissimum
1157 1686 1393 1770 pbilosophorum
1426 1699 1452 1750 et

300 1792 588 1872 Theophrastum
610 1797 754 1851 auctorem
775 1792 870 1860 secuti,
895 1797 1035 1869 puoroum
1056 1805 1205 1868 possumus
1226 1793 1452 1868 eopitotr'orte

299 1896 522 1972 contiepere,
557 1890 681 1952 dicemus
704 1889 737 1952 de
760 1891 839 1951 omui
872 1888 923 1950 hoc
952 1889 1065 1949 coelesti
1094 1892 1205 1950 ratione
1227 1899 1403 1972 autoresque
1426 1903 1453 1954 et

299 1993 396 2073 officio
418 1991 612 2070 complectet,
641 2005 692 2050 cur
713 1997 740 2050 et
762 1987 998 2068 quemadmodum
1021 1998 1199 2060 recreentur,
1231 1989 1449 2068 replicabimus,

299 2107 374 2171 quae
396 2089 483 2152 verba
507 2087 624 2150 Graecis
639 2087 824 2169 respondent
846 2105 874 2167 p.
900 2083 993 2148 seth
1018 2083 1046 2146 3.
1063 2088 1093 2147 4.
1123 2081 1269 2168 λέγωμεν
1292 2085 1332 2171 δὴ
1356 2081 1451 2172 ἡμεῖς

299 2187 355 2252 καὶ
372 2187 448 2250 καθ’
466 2183 545 2250 ὅσον
560 2183 697 2270 ἐφικτὸν
715 2183 926 2268 θεολογῶμεν
940 2183 1019 2267 περὶ
1040 2183 1164 2248 τούτων
1180 2184 1384 2270 συμπάντων
1407 2184 1451 2264 ὥς

300 2293 438 2353 ἕκαστον
460 2284 526 2366 ἔχεν
550 2283 680 2370 φύσεως
702 2284 759 2347 καὶ
787 2285 914 2358 θέσεως
942 2279 997 2346 καὶ
1026 2281 1191 2368 κινήσεως.
1237 2288 1374 2354 Osannus
1395 2292 1412 2352 l.
1428 2291 1446 2352 l.

299 2408 328 2471 p.
352 2389 393 2449 50
416 2405 521 2450 eorum
543 2385 702 2448 verborum
727 2383 786 2445 vim
810 2403 841 2446 se
857 2402 918 2447 non
941 2383 1195 2466 comprehendere
1222 2389 1367 2452 concedit.
1397 2389 1450 2451 sed

191 2535 193 2540 .
300 2487 462 2549 Hoelseher
484 2486 503 2548 l.
520 2487 538 2547 l.
566 2486 638 2566 pb
672 2484 787 2565 putavit
820 2486 913 2567 capita
947 2503 982 2546 ex
1014 2485 1090 2548 libro
1123 2487 1345 2570 Theophrasteo
1372 2487 1451 2572 περὶ

302 2580 499 2666 πνευμάτων
521 2586 557 2646 de
584 2583 680 2646 ventis
705 2592 735 2646 et
756 2583 932 2646 fulminibus
956 2585 1130 2667 deprompta
1165 2605 1228 2651 esse
1258 2588 1294 2650 ab
1317 2589 1450 2670 Apuleio.

303 2685 353 2747 sed
376 2685 434 2746 iam
451 2683 573 2757 dudum,
596 2690 753 2764 postquam
777 2702 845 2745 cum
869 2683 979 2747 Graeco
1003 2684 1143 2748 Latinum
1166 2686 1274 2748 librum
1297 2686 1350 2749 viri
1374 2687 1452 2750 docti

303 2784 468 2847 accuratius
498 2779 672 2864 comparare
692 2783 883 2864 inceperunt,
917 2782 1068 2862 cognitum
1093 2794 1138 2846 est
1160 2785 1233 2847 nihil
1254 2785 1371 2849 aliunde
1394 2785 1452 2848 nisi

302 2903 337 2945 ex
360 2883 608 2946 Pseudaristotele
637 2881 804 2963 prolectam
827 2900 890 2944 esse
914 2883 1041 2963 exceptis
1073 2882 1188 2946 duobus
1218 2884 1361 2965 capitibus
1386 2883 1452 2946 Xlll

302 2990 331 3045 et
352 2982 425 3057 xlv,
448 2983 483 3044 de
511 2981 619 3062 quibus
654 2981 730 3044 inira
764 2980 884 3062 copiose
915 2980 1139 3063 disputabimus.
1185 3001 1220 3044 ex
1246 2983 1453 3065 Theophrasto

302 3080 392 3158 igitur
414 3080 487 3142 nihil
510 3089 663 3161 sumptum
687 3087 742 3152 est,
765 3079 817 3141 sed
839 3081 911 3143 falso
934 3082 998 3143 eius
1021 3099 1131 3144 nomen
1155 3081 1298 3144 additum.
1342 3082 1450 3145 similia

302 3195 372 3240 vero
396 3197 432 3239 ex
455 3177 592 3240 omnibus
615 3177 800 3258 temporibus
824 3180 952 3242 conferri
974 3187 1116 3261 possunt,
1139 3197 1208 3242 nam
1232 3180 1401 3262 quicunque
1419 3181 1452 3242 in

303 3277 400 3358 aliquo
428 3293 540 3356 genere
562 3277 713 3340 literarum
736 3277 895 3357 praestitit,
927 3277 990 3340 eius
1012 3279 1133 3341 nomine
1156 3296 1226 3344 mox
1249 3279 1379 3342 eiusdem
1402 3297 1452 3342 ar-

303 3375 435 3456 gumenti
451 3377 505 3440 alia
522 3377 629 3457 scripta
646 3383 749 3439 ornata
766 3385 846 3440 sunt.
869 3377 909 3438 ita
927 3376 1054 3456 Silligius
1071 3376 1147 3438 Plini
1162 3379 1218 3440 vol.
1235 3379 1291 3459 lp.
1309 3378 1380 3440 XLV
1398 3381 1452 3442 do-

304 3476 455 3539 cuitPlini
471 3493 579 3537 nomen
593 3495 680 3555 saepe
691 3475 727 3537 iis
739 3475 828 3538 rebus
843 3475 1024 3557 adscriptum
1038 3494 1112 3548 esse,
1129 3476 1166 3537 de
1178 3477 1286 3557 quibos
1298 3495 1451 3557 nunquam

302 3574 333 3637 in
357 3575 420 3637 eius
455 3573 584 3636 naturali
617 3573 741 3636 historia
776 3583 875 3636 actum
911 3585 997 3637 esset.
1041 3583 1195 3655 praeterea
1217 3575 1254 3636 de
1277 3576 1400 3640 Caesare
1423 3587 1454 3640 et

304 3675 415 3736 Catone
437 3673 532 3737 citatis
555 3674 633 3754 apud
650 3673 785 3735 Servium
809 3682 839 3736 et
860 3672 895 3734 ab
917 3682 1037 3738 auctore
1052 3672 1173 3753 originis
1189 3674 1286 3752 gentis
1302 3675 1452 3740 Romanae

304 3781 402 3836 actum
437 3781 483 3833 est
515 3772 551 3834 ab
584 3772 619 3832 ll.
643 3771 772 3834 Jordano
803 3771 921 3834 Catonis
951 3771 1142 3852 reliquiamm
1177 3791 1206 3852 p.
1229 3771 1321 3834 XXlX
1344 3794 1387 3855 sq.
1423 3785 1453 3838 et

304 3871 430 3932 Hermae
452 3871 508 3931 vol.
532 3869 570 3932 lll
594 3889 622 3951 p.
648 3869 709 3932 389
733 3889 777 3951 sq.
829 3869 1088 3933 vehementissime
1110 3889 1180 3932 vero
1203 3871 1389 3950 Fulgentium
1412 3875 1451 3938 ila

303 3969 470 4050 legentibus
493 3969 670 4052 imposuisse
694 3979 723 4032 et
756 3985 878 4030 omnem
912 3969 1032 4031 modum
1067 3969 1223 4031 excessisse
1256 3980 1363 4035 notum
1396 3982 1450 4035 est.

305 4089 391 4150 quem
416 4071 555 4151 paulatim
580 4071 616 4133 ad
639 4070 782 4132 maiorem
805 4066 955 4129 audaciam
980 4068 1150 4149 pervenisse
1185 4070 1353 4151 perspicere
1381 4090 1452 4153 pos-

305 4187 419 4242 sumus,
443 4186 513 4230 nam
536 4176 569 4231 ut
590 4169 621 4230 in
643 4168 728 4230 initio
751 4167 866 4228 videtur
888 4166 996 4246 passim
1020 4175 1050 4230 et
1072 4168 1175 4230 timide
1209 4188 1259 4232 eos
1293 4170 1452 4252 scriptores

306 4266 472 4338 nominare,
490 4285 615 4348 quorum
640 4285 729 4347 opera
752 4268 816 4348 ipse
839 4284 993 4346 nunquam
1015 4269 1085 4347 legit
1107 4269 1152 4330 vel
1175 4269 1255 4342 vidit,
1288 4269 1329 4332 ita
1362 4270 1394 4330 in
1417 4288 1452 4332 eo

306 4366 391 4441 libro,
421 4385 510 4446 quem
534 4367 570 4428 de
600 4367 743 4429 abstrusis
776 4364 965 4428 sermonibus
988 4367 1113 4447 scripsit,
1143 4383 1203 4430 non
1237 4367 1332 4430 solum
1356 4368 1451 4431 Plauti
