<?xml version="1.0" encoding="UTF-8"?>
<!DOCTYPE html PUBLIC "-//W3C//DTD XHTML 1.0 Transitional//EN"
    "http://www.w3.org/TR/xhtml1/DTD/xhtml1-transitional.dtd">
<html xmlns="http://www.w3.org/1999/xhtml" xml:lang="en" lang="en">
 <head>
  <title>
</title>
<meta http-equiv="Content-Type" content="text/html;charset=utf-8" />
  <meta name='ocr-system' content='tesseract 3.04.00' />
  <meta name='ocr-capabilities' content='ocr_page ocr_carea ocr_par ocr_line ocrx_word'/>
</head>
<body>
  <div class='ocr_page' id='page_1' title='image "./studiaapuleiana01beckgoog_0094.png"; bbox 0 0 3324 5238; ppageno 0'>
   <div class='ocr_carea' id='block_1_1' title="bbox 643 430 862 492">
    <p class='ocr_par' dir='ltr' id='par_1_1' title="bbox 643 430 862 492">
     <span class='ocr_line' id='line_1_1' title="bbox 643 430 862 492; baseline -0.009 -16"><span class='ocrx_word' id='word_1_1' title='bbox 643 430 862 492; x_wconf 77' lang='grc'>..89-</span> 
     </span>
    </p>
   </div>
   <div class='ocr_carea' id='block_1_2' title="bbox 153 600 1328 1087">
    <p class='ocr_par' dir='ltr' id='par_1_2' title="bbox 153 600 1328 1087">
     <span class='ocr_line' id='line_1_2' title="bbox 179 600 1328 692; baseline -0.012 -13"><span class='ocrx_word' id='word_1_2' title='bbox 179 615 270 680; x_wconf 81' lang='lat' dir='ltr'><strong><em>cruor</em></strong></span> <span class='ocrx_word' id='word_1_3' title='bbox 291 609 492 692; x_wconf 73' lang='grc' dir='ltr'><strong><em>καλούμενον</em></strong></span> <span class='ocrx_word' id='word_1_4' title='bbox 513 607 569 670; x_wconf 81' lang='grc' dir='ltr'><strong><em>καὶ</em></strong></span> <span class='ocrx_word' id='word_1_5' title='bbox 588 603 726 689; x_wconf 79' lang='grc' dir='ltr'><strong><em>Ἀδρίαν</em></strong></span> <span class='ocrx_word' id='word_1_6' title='bbox 748 632 792 660; x_wconf 82' lang='lat'>=</span> <span class='ocrx_word' id='word_1_7' title='bbox 814 606 843 676; x_wconf 84' lang='grc'><strong><em>6,</em></strong></span> <span class='ocrx_word' id='word_1_8' title='bbox 859 605 900 665; x_wconf 96' lang='grc'><strong><em>24</em></strong></span> <span class='ocrx_word' id='word_1_9' title='bbox 912 622 954 682; x_wconf 90' lang='lat' dir='ltr'><strong><em>sq.</em></strong></span> <span class='ocrx_word' id='word_1_10' title='bbox 978 621 1070 664; x_wconf 88' lang='lat' dir='ltr'><strong><em>uuum</em></strong></span> <span class='ocrx_word' id='word_1_11' title='bbox 1093 600 1236 664; x_wconf 81' lang='lat' dir='ltr'><strong><em>Gallicum</em></strong></span> <span class='ocrx_word' id='word_1_12' title='bbox 1260 603 1328 665; x_wconf 88' lang='lat' dir='ltr'><strong><em>dici-</em></strong></span> 
     </span>
     <span class='ocr_line' id='line_1_3' title="bbox 179 699 1328 790; baseline -0.012 -14"><span class='ocrx_word' id='word_1_13' title='bbox 179 713 386 786; x_wconf 68' lang='lat' dir='ltr'><strong><em>tomolatum</em></strong></span> <span class='ocrx_word' id='word_1_14' title='bbox 412 711 553 790; x_wconf 78' lang='lat' dir='ltr'><strong><em>Africum,</em></strong></span> <span class='ocrx_word' id='word_1_15' title='bbox 583 706 658 786; x_wconf 80' lang='lat' dir='ltr'><strong><em>quod</em></strong></span> <span class='ocrx_word' id='word_1_16' title='bbox 685 706 798 785; x_wconf 78' lang='lat' dir='ltr'><strong><em>quidem</em></strong></span> <span class='ocrx_word' id='word_1_17' title='bbox 825 702 986 765; x_wconf 78' lang='lat' dir='ltr'><strong><em>Aristoteles</em></strong></span> <span class='ocrx_word' id='word_1_18' title='bbox 1008 699 1193 763; x_wconf 84' lang='lat' dir='ltr'><strong><em>Sardinieuse</em></strong></span> <span class='ocrx_word' id='word_1_19' title='bbox 1225 703 1328 763; x_wconf 87' lang='lat' dir='ltr'><strong><em>moluit</em></strong></span> 
     </span>
     <span class='ocr_line' id='line_1_4' title="bbox 153 793 1328 888; baseline -0.013 -13"><span class='ocrx_word' id='word_1_20' title='bbox 153 814 280 888; x_wconf 85' lang='lat' dir='ltr'><strong><em>dicere,</em></strong></span> <span class='ocrx_word' id='word_1_21' title='bbox 308 814 423 872; x_wconf 83' lang='lat' dir='ltr'><strong><em>tertioom</em></strong></span> <span class='ocrx_word' id='word_1_22' title='bbox 445 808 622 869; x_wconf 75' lang='lat' dir='ltr'><strong><em>Adriaticum</em></strong></span> <span class='ocrx_word' id='word_1_23' title='bbox 645 803 780 884; x_wconf 83' lang='lat' dir='ltr'><strong><em>pclapus;</em></strong></span> <span class='ocrx_word' id='word_1_24' title='bbox 814 801 875 864; x_wconf 88' lang='grc'><strong><em>393</em></strong></span> <span class='ocrx_word' id='word_1_25' title='bbox 890 821 907 862; x_wconf 87' lang='lat' dir='ltr'><strong><em>o</em></strong></span> <span class='ocrx_word' id='word_1_26' title='bbox 923 800 963 861; x_wconf 91' lang='grc'><strong><em>29</em></strong></span> <span class='ocrx_word' id='word_1_27' title='bbox 996 798 1033 861; x_wconf 85' lang='grc' dir='ltr'><strong><em>τὸ</em></strong></span> <span class='ocrx_word' id='word_1_28' title='bbox 1072 793 1264 874; x_wconf 75' lang='grc' dir='ltr'><strong><em>Αἰγύπτιόν</em></strong></span> <span class='ocrx_word' id='word_1_29' title='bbox 1294 821 1328 860; x_wconf 83' lang='grc' dir='ltr'><strong><em>τε</em></strong></span> 
     </span>
     <span class='ocr_line' id='line_1_5' title="bbox 180 891 1327 990; baseline -0.01 -19"><span class='ocrx_word' id='word_1_30' title='bbox 180 909 235 971; x_wconf 82' lang='grc' dir='ltr'><strong><em>καὶ</em></strong></span> <span class='ocrx_word' id='word_1_31' title='bbox 258 891 463 990; x_wconf 78' lang='grc' dir='ltr'><em>Παμφύλιον</em></span> <span class='ocrx_word' id='word_1_32' title='bbox 492 904 547 966; x_wconf 76' lang='grc' dir='ltr'><strong><em>καὶ</em></strong></span> <span class='ocrx_word' id='word_1_33' title='bbox 576 899 697 981; x_wconf 80' lang='grc' dir='ltr'><strong><em>Σύριον</em></strong></span> <span class='ocrx_word' id='word_1_34' title='bbox 729 929 772 954; x_wconf 86' lang='lat'><strong><em>==</em></strong></span> <span class='ocrx_word' id='word_1_35' title='bbox 805 901 834 974; x_wconf 87' lang='grc'><strong><em>6,</em></strong></span> <span class='ocrx_word' id='word_1_36' title='bbox 851 900 889 960; x_wconf 87' lang='grc'><strong><em>27</em></strong></span> <span class='ocrx_word' id='word_1_37' title='bbox 925 898 1134 978; x_wconf 74' lang='lat' dir='ltr'><strong><em>Pamphylium,</em></strong></span> <span class='ocrx_word' id='word_1_38' title='bbox 1167 897 1327 976; x_wconf 75' lang='lat' dir='ltr'><strong><em>Assyrium,</em></strong></span> 
     </span>
     <span class='ocr_line' id='line_1_6' title="bbox 180 993 1326 1087; baseline -0.012 -19"><span class='ocrx_word' id='word_1_39' title='bbox 180 1010 361 1087; x_wconf 81' lang='lat' dir='ltr'><strong><em>Aepyptium;</em></strong></span> <span class='ocrx_word' id='word_1_40' title='bbox 400 1004 460 1064; x_wconf 82' lang='grc'><strong><em>395</em></strong></span> <span class='ocrx_word' id='word_1_41' title='bbox 478 1023 493 1064; x_wconf 84' lang='lat' dir='ltr'><strong><em>e</em></strong></span> <span class='ocrx_word' id='word_1_42' title='bbox 510 1003 547 1065; x_wconf 83' lang='lat'><strong><em>31</em></strong></span> <span class='ocrx_word' id='word_1_43' title='bbox 580 997 661 1063; x_wconf 83' lang='grc' dir='ltr'><strong><em>σέλα</em></strong></span> <span class='ocrx_word' id='word_1_44' title='bbox 688 1021 723 1061; x_wconf 82' lang='grc' dir='ltr'><strong><em>τε</em></strong></span> <span class='ocrx_word' id='word_1_45' title='bbox 758 997 830 1079; x_wconf 80' lang='grc' dir='ltr'><strong><em>(καὶ</em></strong></span> <span class='ocrx_word' id='word_1_46' title='bbox 859 993 1060 1077; x_wconf 79' lang='grc' dir='ltr'><strong><em>διᾴττοντες)</em></strong></span> <span class='ocrx_word' id='word_1_47' title='bbox 1095 995 1151 1055; x_wconf 77' lang='grc' dir='ltr'><strong><em>καὶ</em></strong></span> <span class='ocrx_word' id='word_1_48' title='bbox 1186 993 1326 1079; x_wconf 79' lang='grc' dir='ltr'><strong><em>κομῆται</em></strong></span> 
     </span>
    </p>
   </div>
   <div class='ocr_carea' id='block_1_3' title="bbox 180 1089 1332 4526">
    <p class='ocr_par' dir='ltr' id='par_1_3' title="bbox 180 1089 1332 4526">
     <span class='ocr_line' id='line_1_7' title="bbox 181 1089 1327 1182; baseline -0.01 -16"><span class='ocrx_word' id='word_1_49' title='bbox 181 1102 300 1166; x_wconf 75' lang='grc' dir='ltr'><strong><em>καὶτὰ</em></strong></span> <span class='ocrx_word' id='word_1_50' title='bbox 322 1097 452 1173; x_wconf 83' lang='grc' dir='ltr'><strong><em>τούτοις</em></strong></span> <span class='ocrx_word' id='word_1_51' title='bbox 475 1089 699 1182; x_wconf 79' lang='grc' dir='ltr'><strong><em>παραπλήσια</em></strong></span> <span class='ocrx_word' id='word_1_52' title='bbox 729 1124 776 1150; x_wconf 98' lang='lat'><strong><em>=</em></strong></span> <span class='ocrx_word' id='word_1_53' title='bbox 806 1096 890 1169; x_wconf 82' lang='lat'><strong><em>16,2</em></strong></span> <span class='ocrx_word' id='word_1_54' title='bbox 913 1106 1043 1165; x_wconf 86' lang='lat' dir='ltr'><strong><em>cometae,</em></strong></span> <span class='ocrx_word' id='word_1_55' title='bbox 1077 1094 1208 1174; x_wconf 79' lang='lat' dir='ltr'><strong><em>sulpores</em></strong></span> <span class='ocrx_word' id='word_1_56' title='bbox 1236 1105 1261 1155; x_wconf 88' lang='lat' dir='ltr'><strong><em>et</em></strong></span> <span class='ocrx_word' id='word_1_57' title='bbox 1287 1098 1327 1154; x_wconf 88' lang='lat' dir='ltr'><strong><em>si-</em></strong></span> 
     </span>
     <span class='ocr_line' id='line_1_8' title="bbox 180 1187 1328 1283; baseline -0.01 -19"><span class='ocrx_word' id='word_1_58' title='bbox 180 1203 261 1264; x_wconf 83' lang='lat' dir='ltr'><strong><em>milia</em></strong></span> <span class='ocrx_word' id='word_1_59' title='bbox 279 1203 431 1282; x_wconf 62' lang='lat' dir='ltr'><strong><em>pluritatem</em></strong></span> <span class='ocrx_word' id='word_1_60' title='bbox 453 1199 515 1262; x_wconf 88' lang='grc'><strong><em>396</em></strong></span> <span class='ocrx_word' id='word_1_61' title='bbox 530 1198 549 1258; x_wconf 91' lang='lat' dir='ltr'>b</span> <span class='ocrx_word' id='word_1_62' title='bbox 566 1199 602 1257; x_wconf 79' lang='lat'><strong><em>15</em></strong></span> <span class='ocrx_word' id='word_1_63' title='bbox 627 1187 715 1272; x_wconf 68' lang='grc' dir='ltr'><strong><em>α’ξττς</em></strong></span> <span class='ocrx_word' id='word_1_64' title='bbox 739 1190 809 1276; x_wconf 85' lang='grc' dir='ltr'><strong><em>ἅμα</em></strong></span> <span class='ocrx_word' id='word_1_65' title='bbox 831 1194 887 1256; x_wconf 81' lang='grc' dir='ltr'><strong><em>καὶ</em></strong></span> <span class='ocrx_word' id='word_1_66' title='bbox 906 1189 1200 1283; x_wconf 28' lang='grc' dir='ltr'><strong><em>βαρεῖς-μακρούς</em></strong></span> <span class='ocrx_word' id='word_1_67' title='bbox 1222 1192 1328 1253; x_wconf 79' lang='grc' dir='ltr'><strong><em>τεκαὶ</em></strong></span> 
     </span>
     <span class='ocr_line' id='line_1_9' title="bbox 182 1289 1328 1379; baseline -0.011 -16"><span class='ocrx_word' id='word_1_68' title='bbox 182 1301 313 1379; x_wconf 80' lang='grc' dir='ltr'><strong><em>βραχεῖς</em></strong></span> <span class='ocrx_word' id='word_1_69' title='bbox 333 1325 378 1354; x_wconf 84' lang='lat'><strong><em>=</em></strong></span> <span class='ocrx_word' id='word_1_70' title='bbox 399 1295 507 1369; x_wconf 61' lang='grc'>21118</span> <span class='ocrx_word' id='word_1_71' title='bbox 530 1297 621 1376; x_wconf 79' lang='lat' dir='ltr'><strong><em>tropis</em></strong></span> <span class='ocrx_word' id='word_1_72' title='bbox 644 1306 670 1356; x_wconf 87' lang='lat' dir='ltr'><strong><em>et</em></strong></span> <span class='ocrx_word' id='word_1_73' title='bbox 693 1295 832 1366; x_wconf 81' lang='lat' dir='ltr'><strong><em>brevibus,</em></strong></span> <span class='ocrx_word' id='word_1_74' title='bbox 863 1297 955 1354; x_wconf 77' lang='lat' dir='ltr'><strong><em>ocutos</em></strong></span> <span class='ocrx_word' id='word_1_75' title='bbox 981 1303 1007 1353; x_wconf 89' lang='lat' dir='ltr'><strong><em>et</em></strong></span> <span class='ocrx_word' id='word_1_76' title='bbox 1033 1292 1231 1370; x_wconf 65' lang='lat' dir='ltr'><strong><em>pravioribus·</em></strong></span> <span class='ocrx_word' id='word_1_77' title='bbox 1266 1289 1328 1352; x_wconf 89' lang='grc'><strong><em>396</em></strong></span> 
     </span>
     <span class='ocr_line' id='line_1_10' title="bbox 182 1389 1329 1480; baseline -0.007 -21"><span class='ocrx_word' id='word_1_78' title='bbox 182 1400 252 1460; x_wconf 72' lang='lat' dir='ltr'><strong><em>bnt</em></strong></span> <span class='ocrx_word' id='word_1_79' title='bbox 278 1396 375 1480; x_wconf 83' lang='grc' dir='ltr'><strong><em>ξηρὸν</em></strong></span> <span class='ocrx_word' id='word_1_80' title='bbox 397 1395 461 1478; x_wconf 80' lang='grc' dir='ltr'><strong><em>γὰρ</em></strong></span> <span class='ocrx_word' id='word_1_81' title='bbox 483 1391 582 1476; x_wconf 75' lang='grc' dir='ltr'><strong><em>ὑγρῷ,</em></strong></span> <span class='ocrx_word' id='word_1_82' title='bbox 610 1392 738 1474; x_wconf 72' lang='grc' dir='ltr'><strong><em>θερμὸν</em></strong></span> <span class='ocrx_word' id='word_1_83' title='bbox 765 1390 801 1454; x_wconf 78' lang='grc' dir='ltr'><strong><em>δὲ</em></strong></span> <span class='ocrx_word' id='word_1_84' title='bbox 824 1391 941 1475; x_wconf 75' lang='grc' dir='ltr'><strong><em>ψυχρῷ</em></strong></span> <span class='ocrx_word' id='word_1_85' title='bbox 963 1391 1060 1472; x_wconf 77' lang='grc' dir='ltr'><strong><em>βαρεῖ</em></strong></span> <span class='ocrx_word' id='word_1_86' title='bbox 1088 1412 1123 1451; x_wconf 82' lang='grc' dir='ltr'><strong><em>τε</em></strong></span> <span class='ocrx_word' id='word_1_87' title='bbox 1153 1389 1329 1471; x_wconf 70' lang='lat' dir='ltr'><strong><em>troipas:</em></strong></span> 
     </span>
     <span class='ocr_line' id='line_1_11' title="bbox 182 1488 1328 1572; baseline -0.006 -15"><span class='ocrx_word' id='word_1_88' title='bbox 182 1498 268 1569; x_wconf 82' lang='grc'><strong><em>21,5</em></strong></span> <span class='ocrx_word' id='word_1_89' title='bbox 296 1495 420 1557; x_wconf 76' lang='lat' dir='ltr'><strong><em>humidis</em></strong></span> <span class='ocrx_word' id='word_1_90' title='bbox 443 1496 528 1557; x_wconf 89' lang='lat' dir='ltr'><strong><em>crido</em></strong></span> <span class='ocrx_word' id='word_1_91' title='bbox 549 1503 574 1553; x_wconf 90' lang='lat' dir='ltr'><strong><em>ot</em></strong></span> <span class='ocrx_word' id='word_1_92' title='bbox 593 1491 764 1572; x_wconf 80' lang='lat' dir='ltr'><strong><em>plocialiirus</em></strong></span> <span class='ocrx_word' id='word_1_93' title='bbox 785 1491 944 1568; x_wconf 77' lang='lat' dir='ltr'><strong><em>flommida,</em></strong></span> <span class='ocrx_word' id='word_1_94' title='bbox 971 1489 1112 1551; x_wconf 84' lang='lat' dir='ltr'><strong><em>velocibus</em></strong></span> <span class='ocrx_word' id='word_1_95' title='bbox 1136 1495 1236 1570; x_wconf 68' lang='lat' dir='ltr'><strong><em>picra·</em></strong></span> <span class='ocrx_word' id='word_1_96' title='bbox 1266 1488 1328 1550; x_wconf 90' lang='grc'><strong><em>396</em></strong></span> 
     </span>
     <span class='ocr_line' id='line_1_12' title="bbox 183 1581 1327 1676; baseline -0.008 -20"><span class='ocrx_word' id='word_1_97' title='bbox 183 1595 259 1656; x_wconf 78' lang='grc'><strong><em>629</em></strong></span> <span class='ocrx_word' id='word_1_98' title='bbox 282 1591 378 1676; x_wconf 80' lang='grc' dir='ltr'><strong><em>ἀέρος</em></strong></span> <span class='ocrx_word' id='word_1_99' title='bbox 399 1616 435 1655; x_wconf 86' lang='grc' dir='ltr'><strong><em>τε</em></strong></span> <span class='ocrx_word' id='word_1_100' title='bbox 456 1593 513 1654; x_wconf 80' lang='grc' dir='ltr'><strong><em>καὶ</em></strong></span> <span class='ocrx_word' id='word_1_101' title='bbox 535 1591 593 1672; x_wconf 79' lang='grc' dir='ltr'><strong><em>γῆς</em></strong></span> <span class='ocrx_word' id='word_1_102' title='bbox 616 1590 671 1652; x_wconf 83' lang='grc' dir='ltr'><strong><em>καὶ</em></strong></span> <span class='ocrx_word' id='word_1_103' title='bbox 693 1587 799 1670; x_wconf 83' lang='grc' dir='ltr'><strong><em>πυρὸς</em></strong></span> <span class='ocrx_word' id='word_1_104' title='bbox 822 1589 878 1650; x_wconf 80' lang='grc' dir='ltr'><strong><em>καὶ</em></strong></span> <span class='ocrx_word' id='word_1_105' title='bbox 900 1581 1020 1659; x_wconf 82' lang='grc' dir='ltr'><strong><em>ὕδατος</em></strong></span> <span class='ocrx_word' id='word_1_106' title='bbox 1041 1613 1084 1640; x_wconf 84' lang='lat'><strong><em>=</em></strong></span> <span class='ocrx_word' id='word_1_107' title='bbox 1114 1587 1219 1660; x_wconf 87' lang='grc'>21,11</span> <span class='ocrx_word' id='word_1_108' title='bbox 1245 1591 1327 1668; x_wconf 71' lang='lat' dir='ltr'><strong><em>iouis,</em></strong></span> 
     </span>
     <span class='ocr_line' id='line_1_13' title="bbox 185 1681 1330 1773; baseline -0.008 -18"><span class='ocrx_word' id='word_1_109' title='bbox 185 1713 283 1773; x_wconf 82' lang='lat' dir='ltr'><strong><em>aquae,</em></strong></span> <span class='ocrx_word' id='word_1_110' title='bbox 306 1699 390 1764; x_wconf 88' lang='lat' dir='ltr'><strong><em>aeris,</em></strong></span> <span class='ocrx_word' id='word_1_111' title='bbox 412 1704 521 1764; x_wconf 65' lang='lat' dir='ltr'><strong><em>terram·</em></strong></span> <span class='ocrx_word' id='word_1_112' title='bbox 544 1688 606 1750; x_wconf 84' lang='grc'><strong><em>398</em></strong></span> <span class='ocrx_word' id='word_1_113' title='bbox 622 1709 638 1749; x_wconf 81' lang='lat' dir='ltr'><strong>a</strong></span> <span class='ocrx_word' id='word_1_114' title='bbox 656 1690 695 1749; x_wconf 88' lang='lat'><strong><em>15</em></strong></span> <span class='ocrx_word' id='word_1_115' title='bbox 718 1687 827 1770; x_wconf 79' lang='grc' dir='ltr'><strong><em>χρυσῷ</em></strong></span> <span class='ocrx_word' id='word_1_116' title='bbox 849 1685 905 1748; x_wconf 78' lang='grc' dir='ltr'><strong><em>καὶ</em></strong></span> <span class='ocrx_word' id='word_1_117' title='bbox 927 1681 1068 1768; x_wconf 80' lang='grc' dir='ltr'><strong><em>ἧλέατρῳ</em></strong></span> <span class='ocrx_word' id='word_1_118' title='bbox 1096 1684 1152 1746; x_wconf 78' lang='grc' dir='ltr'><strong><em>καὶ</em></strong></span> <span class='ocrx_word' id='word_1_119' title='bbox 1174 1682 1330 1767; x_wconf 78' lang='grc' dir='ltr'><strong><em>ἐλέφαντι</em></strong></span> 
     </span>
     <span class='ocr_line' id='line_1_14' title="bbox 183 1783 1328 1872; baseline -0.007 -20"><span class='ocrx_word' id='word_1_120' title='bbox 183 1787 413 1872; x_wconf 75' lang='grc' dir='ltr'><strong><em>ἀστράπτοντα</em></strong></span> <span class='ocrx_word' id='word_1_121' title='bbox 435 1815 478 1843; x_wconf 94' lang='lat'>=</span> <span class='ocrx_word' id='word_1_122' title='bbox 501 1789 551 1858; x_wconf 89' lang='grc'><strong><em>26,</em></strong></span> <span class='ocrx_word' id='word_1_123' title='bbox 570 1786 609 1849; x_wconf 90' lang='grc'><strong><em>19</em></strong></span> <span class='ocrx_word' id='word_1_124' title='bbox 631 1787 775 1867; x_wconf 77' lang='lat' dir='ltr'><strong><em>sulpcrmt</em></strong></span> <span class='ocrx_word' id='word_1_125' title='bbox 796 1787 887 1848; x_wconf 77' lang='lat' dir='ltr'><strong><em>coctus</em></strong></span> <span class='ocrx_word' id='word_1_126' title='bbox 908 1791 972 1846; x_wconf 87' lang='lat' dir='ltr'><strong><em>uioe</em></strong></span> <span class='ocrx_word' id='word_1_127' title='bbox 994 1788 1120 1866; x_wconf 78' lang='lat' dir='ltr'><strong><em>(arpenti</em></strong></span> <span class='ocrx_word' id='word_1_128' title='bbox 1133 1783 1218 1864; x_wconf 86' lang='lat' dir='ltr'><strong><em>lucc),</em></strong></span> <span class='ocrx_word' id='word_1_129' title='bbox 1240 1785 1328 1862; x_wconf 79' lang='lat' dir='ltr'><strong><em>liam·</em></strong></span> 
     </span>
     <span class='ocr_line' id='line_1_15' title="bbox 185 1877 1328 1964; baseline -0.008 -14"><span class='ocrx_word' id='word_1_130' title='bbox 185 1895 237 1950; x_wconf 90' lang='lat' dir='ltr'><strong><em>mis</em></strong></span> <span class='ocrx_word' id='word_1_131' title='bbox 259 1908 296 1950; x_wconf 85' lang='lat' dir='ltr'><strong><em>coc</em></strong></span> <span class='ocrx_word' id='word_1_132' title='bbox 318 1907 391 1949; x_wconf 89' lang='lat' dir='ltr'><strong><em>auro</em></strong></span> <span class='ocrx_word' id='word_1_133' title='bbox 413 1889 459 1950; x_wconf 87' lang='lat' dir='ltr'><strong><em>oei</em></strong></span> <span class='ocrx_word' id='word_1_134' title='bbox 481 1888 579 1949; x_wconf 87' lang='lat' dir='ltr'><strong><em>electri</em></strong></span> <span class='ocrx_word' id='word_1_135' title='bbox 599 1887 743 1958; x_wconf 87' lang='lat' dir='ltr'><strong><em>claritate;</em></strong></span> <span class='ocrx_word' id='word_1_136' title='bbox 766 1883 827 1946; x_wconf 88' lang='grc'><strong><em>398</em></strong></span> <span class='ocrx_word' id='word_1_137' title='bbox 843 1885 862 1945; x_wconf 94' lang='lat' dir='ltr'>h</span> <span class='ocrx_word' id='word_1_138' title='bbox 880 1883 920 1945; x_wconf 85' lang='lat'><strong><em>30</em></strong></span> <span class='ocrx_word' id='word_1_139' title='bbox 946 1879 1029 1964; x_wconf 81' lang='grc' dir='ltr'><strong><em>ζῷον</em></strong></span> <span class='ocrx_word' id='word_1_140' title='bbox 1052 1877 1188 1963; x_wconf 81' lang='grc' dir='ltr'><strong><em>ἕνοδρόν</em></strong></span> <span class='ocrx_word' id='word_1_141' title='bbox 1210 1904 1245 1943; x_wconf 83' lang='grc' dir='ltr'><strong><em>τε</em></strong></span> <span class='ocrx_word' id='word_1_142' title='bbox 1273 1881 1328 1942; x_wconf 77' lang='grc' dir='ltr'><strong><em>καὶ</em></strong></span> 
     </span>
     <span class='ocr_line' id='line_1_16' title="bbox 184 1981 1328 2068; baseline -0.005 -20"><span class='ocrx_word' id='word_1_143' title='bbox 184 1996 340 2066; x_wconf 74' lang='grc' dir='ltr'><strong><em>χερσαῖον</em></strong></span> <span class='ocrx_word' id='word_1_144' title='bbox 361 1988 417 2048; x_wconf 81' lang='grc' dir='ltr'><strong><em>καὶ</em></strong></span> <span class='ocrx_word' id='word_1_145' title='bbox 441 1983 565 2068; x_wconf 84' lang='grc' dir='ltr'><strong><em>πτηνόν</em></strong></span> <span class='ocrx_word' id='word_1_146' title='bbox 586 2011 629 2038; x_wconf 88' lang='lat'><strong><em>=</em></strong></span> <span class='ocrx_word' id='word_1_147' title='bbox 651 1982 759 2054; x_wconf 85' lang='grc'>28,14</span> <span class='ocrx_word' id='word_1_148' title='bbox 788 1983 950 2052; x_wconf 86' lang='lat' dir='ltr'><strong><em>volucrum,</em></strong></span> <span class='ocrx_word' id='word_1_149' title='bbox 978 1981 1142 2041; x_wconf 80' lang='lat' dir='ltr'><strong><em>natatilium</em></strong></span> <span class='ocrx_word' id='word_1_150' title='bbox 1165 1992 1247 2061; x_wconf 79' lang='lat' dir='ltr'><strong><em>atque</em></strong></span> <span class='ocrx_word' id='word_1_151' title='bbox 1270 1991 1328 2042; x_wconf 90' lang='lat' dir='ltr'><strong><em>ter-</em></strong></span> 
     </span>
     <span class='ocr_line' id='line_1_17' title="bbox 185 2079 1328 2164; baseline -0.007 -17"><span class='ocrx_word' id='word_1_152' title='bbox 185 2089 320 2147; x_wconf 81' lang='lat' dir='ltr'><strong><em>restrium</em></strong></span> <span class='ocrx_word' id='word_1_153' title='bbox 340 2103 444 2164; x_wconf 82' lang='lat' dir='ltr'><strong><em>propes.</em></strong></span> <span class='ocrx_word' id='word_1_154' title='bbox 462 2121 503 2132; x_wconf 91' lang='lat'><strong><em>--</em></strong></span> <span class='ocrx_word' id='word_1_155' title='bbox 526 2099 666 2146; x_wconf 88' lang='lat' dir='ltr'><strong><em>necnon</em></strong></span> <span class='ocrx_word' id='word_1_156' title='bbox 690 2082 817 2142; x_wconf 90' lang='lat' dir='ltr'><strong><em>duorum</em></strong></span> <span class='ocrx_word' id='word_1_157' title='bbox 843 2081 1068 2142; x_wconf 86' lang='lat' dir='ltr'><strong><em>enuntiatorum</em></strong></span> <span class='ocrx_word' id='word_1_158' title='bbox 1093 2079 1165 2140; x_wconf 91' lang='lat' dir='ltr'><strong><em>ordo</em></strong></span> <span class='ocrx_word' id='word_1_159' title='bbox 1188 2081 1328 2140; x_wconf 83' lang='lat' dir='ltr'><strong><em>immute-</em></strong></span> 
     </span>
     <span class='ocr_line' id='line_1_18' title="bbox 185 2172 1329 2262; baseline -0.007 -16"><span class='ocrx_word' id='word_1_160' title='bbox 185 2194 234 2246; x_wconf 89' lang='lat' dir='ltr'><strong><em>tus</em></strong></span> <span class='ocrx_word' id='word_1_161' title='bbox 255 2183 407 2244; x_wconf 87' lang='lat' dir='ltr'><strong><em>invenitor</em></strong></span> <span class='ocrx_word' id='word_1_162' title='bbox 428 2203 456 2262; x_wconf 91' lang='lat' dir='ltr'><strong><em>p.</em></strong></span> <span class='ocrx_word' id='word_1_163' title='bbox 480 2183 541 2244; x_wconf 90' lang='grc'><strong><em>394</em></strong></span> <span class='ocrx_word' id='word_1_164' title='bbox 557 2203 573 2243; x_wconf 89' lang='lat' dir='ltr'>a</span> <span class='ocrx_word' id='word_1_165' title='bbox 592 2181 630 2242; x_wconf 91' lang='grc'><strong><em>19</em></strong></span> <span class='ocrx_word' id='word_1_166' title='bbox 653 2177 723 2241; x_wconf 80' lang='grc' dir='ltr'><strong><em>ἔστι</em></strong></span> <span class='ocrx_word' id='word_1_167' title='bbox 746 2177 784 2240; x_wconf 78' lang='grc' dir='ltr'><strong><em>δέ</em></strong></span> <span class='ocrx_word' id='word_1_168' title='bbox 807 2174 924 2260; x_wconf 76' lang='grc' dir='ltr'><strong><em>ὁμίχλη</em></strong></span> <span class='ocrx_word' id='word_1_169' title='bbox 949 2177 1009 2259; x_wconf 79' lang='grc' dir='ltr'><strong><em>μὲν</em></strong></span> <span class='ocrx_word' id='word_1_170' title='bbox 1031 2172 1184 2259; x_wconf 79' lang='grc' dir='ltr'><strong><em>ἀτμώδης</em></strong></span> <span class='ocrx_word' id='word_1_171' title='bbox 1198 2173 1329 2239; x_wconf 70' lang='grc' dir='ltr'><strong><em>ἀναθα-</em></strong></span> 
     </span>
     <span class='ocr_line' id='line_1_19' title="bbox 185 2272 1328 2362; baseline -0.004 -20"><span class='ocrx_word' id='word_1_172' title='bbox 185 2284 301 2362; x_wconf 82' lang='grc' dir='ltr'><strong><em>μίασις</em></strong></span> <span class='ocrx_word' id='word_1_173' title='bbox 323 2276 440 2359; x_wconf 81' lang='grc' dir='ltr'><strong><em>ἄγονος</em></strong></span> <span class='ocrx_word' id='word_1_174' title='bbox 461 2275 592 2354; x_wconf 79' lang='grc' dir='ltr'><strong><em>ὕδατος,</em></strong></span> <span class='ocrx_word' id='word_1_175' title='bbox 616 2275 711 2360; x_wconf 81' lang='grc' dir='ltr'><strong><em>ἀέρος</em></strong></span> <span class='ocrx_word' id='word_1_176' title='bbox 733 2277 794 2358; x_wconf 78' lang='grc' dir='ltr'><strong><em>μὲν</em></strong></span> <span class='ocrx_word' id='word_1_177' title='bbox 809 2279 987 2356; x_wconf 83' lang='grc' dir='ltr'><strong><em>παχυτέρα,</em></strong></span> <span class='ocrx_word' id='word_1_178' title='bbox 1010 2277 1130 2357; x_wconf 81' lang='grc' dir='ltr'><strong><em>νέφους</em></strong></span> <span class='ocrx_word' id='word_1_179' title='bbox 1152 2273 1190 2338; x_wconf 83' lang='grc' dir='ltr'><strong><em>δὲ</em></strong></span> <span class='ocrx_word' id='word_1_180' title='bbox 1213 2272 1328 2358; x_wconf 83' lang='grc' dir='ltr'><strong><em>ἀραιο-</em></strong></span> 
     </span>
     <span class='ocr_line' id='line_1_20' title="bbox 185 2370 1330 2461; baseline -0.005 -20"><span class='ocrx_word' id='word_1_181' title='bbox 185 2383 278 2461; x_wconf 82' lang='grc' dir='ltr'><strong><em>τέρα·</em></strong></span> <span class='ocrx_word' id='word_1_182' title='bbox 302 2381 428 2456; x_wconf 67' lang='lat' dir='ltr'><strong><em>rtrum</em></strong></span> <span class='ocrx_word' id='word_1_183' title='bbox 452 2376 490 2439; x_wconf 81' lang='lat' dir='ltr'><strong><em>di·</em></strong></span> <span class='ocrx_word' id='word_1_184' title='bbox 510 2375 583 2460; x_wconf 76' lang='grc' dir='ltr'><strong><em>ἤτοι</em></strong></span> <span class='ocrx_word' id='word_1_185' title='bbox 608 2376 643 2449; x_wconf 84' lang='grc' dir='ltr'><strong><em>έξ</em></strong></span> <span class='ocrx_word' id='word_1_186' title='bbox 664 2373 763 2460; x_wconf 80' lang='grc' dir='ltr'><strong><em>ἀρχῆς</em></strong></span> <span class='ocrx_word' id='word_1_187' title='bbox 785 2378 905 2457; x_wconf 83' lang='grc' dir='ltr'><strong><em>νέφους</em></strong></span> <span class='ocrx_word' id='word_1_188' title='bbox 927 2372 948 2456; x_wconf 80' lang='grc' dir='ltr'><em>ἢ</em></span> <span class='ocrx_word' id='word_1_189' title='bbox 970 2373 1005 2446; x_wconf 76' lang='grc' dir='ltr'><strong><em>ἐξ</em></strong></span> <span class='ocrx_word' id='word_1_190' title='bbox 1019 2370 1266 2456; x_wconf 78' lang='grc' dir='ltr'><strong><em>ὑπολείμματος</em></strong></span> <span class='ocrx_word' id='word_1_191' title='bbox 1287 2403 1330 2428; x_wconf 87' lang='lat'><em>=</em></span> 
     </span>
     <span class='ocr_line' id='line_1_21' title="bbox 186 2474 1330 2559; baseline -0.004 -19"><span class='ocrx_word' id='word_1_192' title='bbox 186 2497 229 2559; x_wconf 91' lang='lat' dir='ltr'><strong><em>cp.</em></strong></span> <span class='ocrx_word' id='word_1_193' title='bbox 255 2478 283 2550; x_wconf 88' lang='grc'><strong><em>8,</em></strong></span> <span class='ocrx_word' id='word_1_194' title='bbox 303 2477 397 2556; x_wconf 87' lang='lat' dir='ltr'><strong><em>l9sq.</em></strong></span> <span class='ocrx_word' id='word_1_195' title='bbox 421 2477 525 2538; x_wconf 77' lang='lat' dir='ltr'><strong><em>uetula</em></strong></span> <span class='ocrx_word' id='word_1_196' title='bbox 547 2488 655 2538; x_wconf 85' lang='lat' dir='ltr'><strong><em>constat</em></strong></span> <span class='ocrx_word' id='word_1_197' title='bbox 677 2487 727 2537; x_wconf 88' lang='lat' dir='ltr'><strong><em>aut</em></strong></span> <span class='ocrx_word' id='word_1_198' title='bbox 748 2494 785 2538; x_wconf 80' lang='lat' dir='ltr'><strong><em>eu</em></strong></span> <span class='ocrx_word' id='word_1_199' title='bbox 807 2486 871 2538; x_wconf 77' lang='grc' dir='ltr'><strong><em>οντα</em></strong></span> <span class='ocrx_word' id='word_1_200' title='bbox 891 2474 1048 2536; x_wconf 81' lang='lat' dir='ltr'><strong><em>nubeculae</em></strong></span> <span class='ocrx_word' id='word_1_201' title='bbox 1070 2484 1120 2534; x_wconf 90' lang='lat' dir='ltr'><strong><em>out</em></strong></span> <span class='ocrx_word' id='word_1_202' title='bbox 1141 2491 1179 2534; x_wconf 77' lang='lat' dir='ltr'><strong><em>eoo</em></strong></span> <span class='ocrx_word' id='word_1_203' title='bbox 1200 2478 1261 2536; x_wconf 82' lang='lat' dir='ltr'><strong><em>ciros</em></strong></span> <span class='ocrx_word' id='word_1_204' title='bbox 1282 2493 1330 2535; x_wconf 90' lang='lat' dir='ltr'><strong><em>re-</em></strong></span> 
     </span>
     <span class='ocr_line' id='line_1_22' title="bbox 184 2573 1330 2657; baseline -0.003 -20"><span class='ocrx_word' id='word_1_205' title='bbox 184 2577 293 2657; x_wconf 76' lang='lat' dir='ltr'><strong><em>liquis3</em></strong></span> <span class='ocrx_word' id='word_1_206' title='bbox 315 2587 355 2639; x_wconf 88' lang='lat' dir='ltr'><strong><em>cst</em></strong></span> <span class='ocrx_word' id='word_1_207' title='bbox 370 2586 466 2638; x_wconf 88' lang='lat' dir='ltr'><strong><em>autom</em></strong></span> <span class='ocrx_word' id='word_1_208' title='bbox 482 2575 626 2636; x_wconf 82' lang='lat' dir='ltr'><strong><em>eololotio</em></strong></span> <span class='ocrx_word' id='word_1_209' title='bbox 640 2585 781 2654; x_wconf 86' lang='lat' dir='ltr'><strong><em>vaporato</em></strong></span> <span class='ocrx_word' id='word_1_210' title='bbox 795 2585 821 2635; x_wconf 88' lang='lat' dir='ltr'><strong><em>et</em></strong></span> <span class='ocrx_word' id='word_1_211' title='bbox 832 2573 956 2634; x_wconf 83' lang='lat' dir='ltr'><strong><em>lrumore</em></strong></span> <span class='ocrx_word' id='word_1_212' title='bbox 971 2573 1099 2643; x_wconf 84' lang='lat' dir='ltr'><strong><em>viduato,</em></strong></span> <span class='ocrx_word' id='word_1_213' title='bbox 1118 2591 1183 2634; x_wconf 84' lang='lat' dir='ltr'><strong><em>asro</em></strong></span> <span class='ocrx_word' id='word_1_214' title='bbox 1199 2576 1330 2646; x_wconf 75' lang='lat' dir='ltr'><strong><em>crassior,</em></strong></span> 
     </span>
     <span class='ocr_line' id='line_1_23' title="bbox 184 2671 1331 2753; baseline -0.003 -17"><span class='ocrx_word' id='word_1_215' title='bbox 184 2676 258 2737; x_wconf 81' lang='lat' dir='ltr'><strong><em>uude</em></strong></span> <span class='ocrx_word' id='word_1_216' title='bbox 280 2675 416 2738; x_wconf 81' lang='lat' dir='ltr'><strong><em>subtilior.</em></strong></span> <span class='ocrx_word' id='word_1_217' title='bbox 462 2674 608 2735; x_wconf 82' lang='lat' dir='ltr'><strong><em>sedeatis</em></strong></span> <span class='ocrx_word' id='word_1_218' title='bbox 636 2674 851 2753; x_wconf 86' lang='lat' dir='ltr'><strong><em>exemplorum,</em></strong></span> <span class='ocrx_word' id='word_1_219' title='bbox 885 2689 941 2732; x_wconf 86' lang='lat' dir='ltr'><strong><em>neo</em></strong></span> <span class='ocrx_word' id='word_1_220' title='bbox 962 2671 1079 2732; x_wconf 84' lang='lat' dir='ltr'><strong><em>invideo</em></strong></span> <span class='ocrx_word' id='word_1_221' title='bbox 1107 2673 1244 2752; x_wconf 78' lang='lat' dir='ltr'><strong><em>cuiquam</em></strong></span> <span class='ocrx_word' id='word_1_222' title='bbox 1259 2672 1331 2743; x_wconf 85' lang='lat' dir='ltr'><strong><em>¹elii,</em></strong></span> 
     </span>
     <span class='ocr_line' id='line_1_24' title="bbox 185 2769 1330 2852; baseline -0.003 -18"><span class='ocrx_word' id='word_1_223' title='bbox 185 2774 237 2851; x_wconf 87' lang='lat' dir='ltr'><strong><em>qui</em></strong></span> <span class='ocrx_word' id='word_1_224' title='bbox 264 2774 432 2852; x_wconf 82' lang='lat' dir='ltr'><strong><em>diligentius</em></strong></span> <span class='ocrx_word' id='word_1_225' title='bbox 459 2772 640 2850; x_wconf 80' lang='lat' dir='ltr'><strong><em>investigans</em></strong></span> <span class='ocrx_word' id='word_1_226' title='bbox 668 2773 751 2852; x_wconf 86' lang='lat' dir='ltr'><strong><em>pluro</em></strong></span> <span class='ocrx_word' id='word_1_227' title='bbox 780 2769 945 2833; x_wconf 88' lang='lat' dir='ltr'><strong><em>contulerit.</em></strong></span> <span class='ocrx_word' id='word_1_228' title='bbox 1000 2788 1070 2830; x_wconf 84' lang='lat' dir='ltr'><strong><em>nem</em></strong></span> <span class='ocrx_word' id='word_1_229' title='bbox 1103 2770 1177 2830; x_wconf 87' lang='lat' dir='ltr'><strong><em>rnihi</em></strong></span> <span class='ocrx_word' id='word_1_230' title='bbox 1211 2772 1330 2850; x_wconf 89' lang='lat' dir='ltr'><strong><em>quidem</em></strong></span> 
     </span>
     <span class='ocr_line' id='line_1_25' title="bbox 186 2869 1331 2949; baseline -0.001 -19"><span class='ocrx_word' id='word_1_231' title='bbox 186 2888 299 2943; x_wconf 88' lang='lat' dir='ltr'><strong><em>eornm,</em></strong></span> <span class='ocrx_word' id='word_1_232' title='bbox 331 2891 405 2949; x_wconf 84' lang='lat' dir='ltr'><strong><em>quae</em></strong></span> <span class='ocrx_word' id='word_1_233' title='bbox 428 2891 482 2948; x_wconf 82' lang='lat' dir='ltr'><strong><em>ego</em></strong></span> <span class='ocrx_word' id='word_1_234' title='bbox 505 2870 600 2940; x_wconf 85' lang='lat' dir='ltr'><strong><em>attuli,</em></strong></span> <span class='ocrx_word' id='word_1_235' title='bbox 629 2887 772 2930; x_wconf 88' lang='lat' dir='ltr'><strong><em>numerus</em></strong></span> <span class='ocrx_word' id='word_1_236' title='bbox 795 2878 896 2931; x_wconf 86' lang='lat' dir='ltr'><strong><em>tantus</em></strong></span> <span class='ocrx_word' id='word_1_237' title='bbox 918 2869 1035 2930; x_wconf 85' lang='lat' dir='ltr'><strong><em>videtur</em></strong></span> <span class='ocrx_word' id='word_1_238' title='bbox 1057 2886 1132 2938; x_wconf 88' lang='lat' dir='ltr'><strong><em>esse,</em></strong></span> <span class='ocrx_word' id='word_1_239' title='bbox 1161 2877 1194 2929; x_wconf 90' lang='lat' dir='ltr'><strong><em>ut</em></strong></span> <span class='ocrx_word' id='word_1_240' title='bbox 1216 2871 1331 2931; x_wconf 90' lang='lat' dir='ltr'><strong><em>nullum</em></strong></span> 
     </span>
     <span class='ocr_line' id='line_1_26' title="bbox 186 2966 1331 3046; baseline -0.001 -18"><span class='ocrx_word' id='word_1_241' title='bbox 186 2967 310 3030; x_wconf 87' lang='lat' dir='ltr'><strong><em>dubium</em></strong></span> <span class='ocrx_word' id='word_1_242' title='bbox 355 2985 513 3046; x_wconf 83' lang='lat' dir='ltr'><strong><em>superesse</em></strong></span> <span class='ocrx_word' id='word_1_243' title='bbox 555 2966 663 3045; x_wconf 87' lang='lat' dir='ltr'><strong><em>possit,</em></strong></span> <span class='ocrx_word' id='word_1_244' title='bbox 705 2985 778 3029; x_wconf 88' lang='lat' dir='ltr'><strong><em>num</em></strong></span> <span class='ocrx_word' id='word_1_245' title='bbox 816 2987 886 3030; x_wconf 84' lang='lat' dir='ltr'><strong><em>csso</em></strong></span> <span class='ocrx_word' id='word_1_246' title='bbox 922 2977 952 3028; x_wconf 90' lang='lat' dir='ltr'><strong><em>et</em></strong></span> <span class='ocrx_word' id='word_1_247' title='bbox 987 2967 1111 3028; x_wconf 84' lang='lat' dir='ltr'><strong><em>fortuito</em></strong></span> <span class='ocrx_word' id='word_1_248' title='bbox 1148 2985 1180 3028; x_wconf 82' lang='lat' dir='ltr'><strong><em>es</em></strong></span> <span class='ocrx_word' id='word_1_249' title='bbox 1218 2967 1331 3029; x_wconf 87' lang='lat' dir='ltr'><strong><em>ordinis</em></strong></span> 
     </span>
     <span class='ocr_line' id='line_1_27' title="bbox 186 3065 1330 3145; baseline -0.001 -18"><span class='ocrx_word' id='word_1_250' title='bbox 186 3067 353 3128; x_wconf 85' lang='lat' dir='ltr'><strong><em>immutatio</em></strong></span> <span class='ocrx_word' id='word_1_251' title='bbox 391 3083 427 3126; x_wconf 84' lang='lat' dir='ltr'><strong><em>an</em></strong></span> <span class='ocrx_word' id='word_1_252' title='bbox 465 3065 588 3126; x_wconf 91' lang='lat' dir='ltr'><strong><em>consilio</em></strong></span> <span class='ocrx_word' id='word_1_253' title='bbox 625 3071 654 3125; x_wconf 90' lang='lat' dir='ltr'><strong><em>et</em></strong></span> <span class='ocrx_word' id='word_1_254' title='bbox 691 3067 840 3127; x_wconf 82' lang='lat' dir='ltr'><strong><em>voluntate</em></strong></span> <span class='ocrx_word' id='word_1_255' title='bbox 876 3067 912 3129; x_wconf 83' lang='lat' dir='ltr'><strong><em>ab</em></strong></span> <span class='ocrx_word' id='word_1_256' title='bbox 950 3074 1083 3128; x_wconf 55' lang='lat' dir='ltr'><strong><em>auctore,</em></strong></span> <span class='ocrx_word' id='word_1_257' title='bbox 1105 3065 1143 3126; x_wconf 90' lang='lat' dir='ltr'><strong><em>sit</em></strong></span> <span class='ocrx_word' id='word_1_258' title='bbox 1179 3072 1330 3145; x_wconf 79' lang='lat' dir='ltr'><strong><em>usurpate.</em></strong></span> 
     </span>
     <span class='ocr_line' id='line_1_28' title="bbox 185 3163 1330 3244; baseline -0.001 -19"><span class='ocrx_word' id='word_1_259' title='bbox 185 3167 279 3225; x_wconf 90' lang='lat' dir='ltr'><strong><em>immo</em></strong></span> <span class='ocrx_word' id='word_1_260' title='bbox 317 3165 394 3226; x_wconf 83' lang='lat' dir='ltr'><strong><em>clere</em></strong></span> <span class='ocrx_word' id='word_1_261' title='bbox 431 3169 513 3243; x_wconf 81' lang='lat' dir='ltr'><strong><em>petet</em></strong></span> <span class='ocrx_word' id='word_1_262' title='bbox 548 3163 648 3241; x_wconf 91' lang='lat' dir='ltr'><strong><em>ipsum</em></strong></span> <span class='ocrx_word' id='word_1_263' title='bbox 685 3164 716 3223; x_wconf 94' lang='lat' dir='ltr'><strong><em>id</em></strong></span> <span class='ocrx_word' id='word_1_264' title='bbox 753 3166 937 3243; x_wconf 76' lang='lat' dir='ltr'><strong><em>spectavisse,</em></strong></span> <span class='ocrx_word' id='word_1_265' title='bbox 974 3173 1009 3228; x_wconf 88' lang='lat' dir='ltr'><strong><em>ut</em></strong></span> <span class='ocrx_word' id='word_1_266' title='bbox 1045 3183 1083 3226; x_wconf 91' lang='lat' dir='ltr'><strong><em>ne</em></strong></span> <span class='ocrx_word' id='word_1_267' title='bbox 1119 3164 1228 3226; x_wconf 87' lang='lat' dir='ltr'><strong><em>seriem</em></strong></span> <span class='ocrx_word' id='word_1_268' title='bbox 1261 3165 1330 3244; x_wconf 87' lang='lat' dir='ltr'><strong><em>qui-</em></strong></span> 
     </span>
     <span class='ocr_line' id='line_1_29' title="bbox 186 3261 1330 3340; baseline 0 -16"><span class='ocrx_word' id='word_1_269' title='bbox 186 3263 254 3324; x_wconf 90' lang='lat' dir='ltr'><strong><em>dem</em></strong></span> <span class='ocrx_word' id='word_1_270' title='bbox 278 3262 435 3324; x_wconf 88' lang='lat' dir='ltr'><strong><em>verborum</em></strong></span> <span class='ocrx_word' id='word_1_271' title='bbox 459 3270 599 3322; x_wconf 82' lang='lat' dir='ltr'><strong><em>servaret.</em></strong></span> <span class='ocrx_word' id='word_1_272' title='bbox 644 3269 733 3340; x_wconf 83' lang='lat' dir='ltr'><strong><em>etque</em></strong></span> <span class='ocrx_word' id='word_1_273' title='bbox 756 3261 835 3324; x_wconf 90' lang='lat' dir='ltr'><strong><em>idem</em></strong></span> <span class='ocrx_word' id='word_1_274' title='bbox 865 3264 977 3326; x_wconf 85' lang='lat' dir='ltr'><strong><em>factum</em></strong></span> <span class='ocrx_word' id='word_1_275' title='bbox 1005 3273 1051 3325; x_wconf 92' lang='lat' dir='ltr'><strong><em>est</em></strong></span> <span class='ocrx_word' id='word_1_276' title='bbox 1076 3263 1108 3324; x_wconf 90' lang='lat' dir='ltr'><strong><em>in</em></strong></span> <span class='ocrx_word' id='word_1_277' title='bbox 1136 3263 1252 3325; x_wconf 89' lang='lat' dir='ltr'><strong><em>duobus</em></strong></span> <span class='ocrx_word' id='word_1_278' title='bbox 1275 3263 1330 3324; x_wconf 90' lang='lat' dir='ltr'><strong><em>illis</em></strong></span> 
     </span>
     <span class='ocr_line' id='line_1_30' title="bbox 185 3359 1330 3442; baseline 0 -20"><span class='ocrx_word' id='word_1_279' title='bbox 185 3361 340 3442; x_wconf 82' lang='lat' dir='ltr'><strong><em>capitibus,</em></strong></span> <span class='ocrx_word' id='word_1_280' title='bbox 362 3379 438 3440; x_wconf 87' lang='lat' dir='ltr'><strong><em>quoe</em></strong></span> <span class='ocrx_word' id='word_1_281' title='bbox 453 3379 489 3421; x_wconf 84' lang='lat' dir='ltr'><strong><em>ex</em></strong></span> <span class='ocrx_word' id='word_1_282' title='bbox 511 3359 587 3422; x_wconf 88' lang='lat' dir='ltr'><strong><em>Gelli</em></strong></span> <span class='ocrx_word' id='word_1_283' title='bbox 609 3359 742 3420; x_wconf 88' lang='lat' dir='ltr'><strong><em>noctium</em></strong></span> <span class='ocrx_word' id='word_1_284' title='bbox 765 3361 926 3424; x_wconf 75' lang='lat' dir='ltr'><strong><em>Atticarum</em></strong></span> <span class='ocrx_word' id='word_1_285' title='bbox 948 3362 1015 3424; x_wconf 89' lang='lat' dir='ltr'><strong><em>libri</em></strong></span> <span class='ocrx_word' id='word_1_286' title='bbox 1030 3361 1154 3423; x_wconf 87' lang='lat' dir='ltr'><strong><em>secundi</em></strong></span> <span class='ocrx_word' id='word_1_287' title='bbox 1176 3380 1220 3442; x_wconf 90' lang='lat' dir='ltr'><strong><em>cp.</em></strong></span> <span class='ocrx_word' id='word_1_288' title='bbox 1237 3359 1277 3420; x_wconf 92' lang='grc'><strong><em>22</em></strong></span> <span class='ocrx_word' id='word_1_289' title='bbox 1299 3362 1330 3422; x_wconf 89' lang='lat' dir='ltr'><strong><em>in</em></strong></span> 
     </span>
     <span class='ocr_line' id='line_1_31' title="bbox 187 3456 1332 3536; baseline 0.002 -16"><span class='ocrx_word' id='word_1_290' title='bbox 187 3478 275 3522; x_wconf 86' lang='lat' dir='ltr'><strong><em>suum</em></strong></span> <span class='ocrx_word' id='word_1_291' title='bbox 303 3476 390 3520; x_wconf 89' lang='lat' dir='ltr'><strong><em>usum</em></strong></span> <span class='ocrx_word' id='word_1_292' title='bbox 422 3459 559 3536; x_wconf 82' lang='lat' dir='ltr'><strong><em>adripuit.</em></strong></span> <span class='ocrx_word' id='word_1_293' title='bbox 604 3475 640 3518; x_wconf 85' lang='lat' dir='ltr'><strong><em>ex</em></strong></span> <span class='ocrx_word' id='word_1_294' title='bbox 674 3456 781 3536; x_wconf 88' lang='lat' dir='ltr'><strong><em>quihus</em></strong></span> <span class='ocrx_word' id='word_1_295' title='bbox 809 3459 882 3520; x_wconf 80' lang='lat' dir='ltr'><strong><em>haec</em></strong></span> <span class='ocrx_word' id='word_1_296' title='bbox 909 3461 1071 3522; x_wconf 81' lang='lat' dir='ltr'><strong><em>sufficiant:</em></strong></span> <span class='ocrx_word' id='word_1_297' title='bbox 1107 3460 1179 3521; x_wconf 87' lang='lat' dir='ltr'><strong><em>Gell.</em></strong></span> <span class='ocrx_word' id='word_1_298' title='bbox 1201 3464 1219 3533; x_wconf 71' lang='grc'><strong>6</strong></span> <span class='ocrx_word' id='word_1_299' title='bbox 1242 3459 1260 3519; x_wconf 87' lang='lat'>9</span> <span class='ocrx_word' id='word_1_300' title='bbox 1283 3461 1332 3522; x_wconf 87' lang='lat' dir='ltr'><strong><em>sed</em></strong></span> 
     </span>
     <span class='ocr_line' id='line_1_32' title="bbox 187 3556 1331 3639; baseline 0 -21"><span class='ocrx_word' id='word_1_301' title='bbox 187 3562 236 3637; x_wconf 82' lang='lat' dir='ltr'><strong><em>poi</em></strong></span> <span class='ocrx_word' id='word_1_302' title='bbox 255 3558 291 3618; x_wconf 83' lang='lat' dir='ltr'><strong><em>oo</em></strong></span> <span class='ocrx_word' id='word_1_303' title='bbox 314 3559 421 3618; x_wconf 85' lang='lat' dir='ltr'><strong><em>aestiua</em></strong></span> <span class='ocrx_word' id='word_1_304' title='bbox 436 3567 463 3617; x_wconf 86' lang='lat' dir='ltr'><strong><em>et</em></strong></span> <span class='ocrx_word' id='word_1_305' title='bbox 480 3556 622 3618; x_wconf 76' lang='lat' dir='ltr'><strong><em>solstitiali</em></strong></span> <span class='ocrx_word' id='word_1_306' title='bbox 636 3559 751 3617; x_wconf 82' lang='lat' dir='ltr'><strong><em>orientis</em></strong></span> <span class='ocrx_word' id='word_1_307' title='bbox 771 3567 847 3617; x_wconf 87' lang='lat' dir='ltr'><strong><em>moto</em></strong></span> <span class='ocrx_word' id='word_1_308' title='bbox 861 3563 945 3632; x_wconf 81' lang='lat' dir='ltr'><strong><em>otuu,</em></strong></span> <span class='ocrx_word' id='word_1_309' title='bbox 967 3557 1066 3621; x_wconf 73' lang='lat' dir='ltr'><strong><em>latim</em></strong></span> <span class='ocrx_word' id='word_1_310' title='bbox 1081 3559 1186 3639; x_wconf 78' lang='lat' dir='ltr'><strong><em>aquilo,</em></strong></span> <span class='ocrx_word' id='word_1_311' title='bbox 1213 3558 1331 3637; x_wconf 77' lang='grc' dir='ltr'><strong><em>βορέας</em></strong></span> 
     </span>
     <span class='ocr_line' id='line_1_33' title="bbox 188 3654 1332 3738; baseline 0.001 -22"><span class='ocrx_word' id='word_1_312' title='bbox 188 3655 293 3718; x_wconf 82' lang='lat' dir='ltr'><strong><em>drame</em></strong></span> <span class='ocrx_word' id='word_1_313' title='bbox 316 3657 421 3717; x_wconf 89' lang='lat' dir='ltr'><strong><em>dicitur</em></strong></span> <span class='ocrx_word' id='word_1_314' title='bbox 442 3665 485 3708; x_wconf 86' lang='grc'><strong><em>’--·</em></strong></span> <span class='ocrx_word' id='word_1_315' title='bbox 507 3655 544 3716; x_wconf 89' lang='lat' dir='ltr'><strong><em>de</em></strong></span> <span class='ocrx_word' id='word_1_316' title='bbox 567 3655 678 3717; x_wconf 88' lang='lat' dir='ltr'><strong><em>mundo</em></strong></span> <span class='ocrx_word' id='word_1_317' title='bbox 707 3672 752 3733; x_wconf 91' lang='lat' dir='ltr'><strong><em>cp.</em></strong></span> <span class='ocrx_word' id='word_1_318' title='bbox 778 3654 826 3724; x_wconf 82' lang='grc'><strong><em>13,</em></strong></span> <span class='ocrx_word' id='word_1_319' title='bbox 849 3656 926 3734; x_wconf 84' lang='lat' dir='ltr'><strong><em>4sq.</em></strong></span> <span class='ocrx_word' id='word_1_320' title='bbox 955 3658 1003 3718; x_wconf 87' lang='lat' dir='ltr'><strong><em>sed</em></strong></span> <span class='ocrx_word' id='word_1_321' title='bbox 1033 3662 1083 3738; x_wconf 85' lang='grc' dir='ltr'><strong><em>ραι·</em></strong></span> <span class='ocrx_word' id='word_1_322' title='bbox 1110 3658 1145 3719; x_wconf 81' lang='lat' dir='ltr'><strong><em>ab</em></strong></span> <span class='ocrx_word' id='word_1_323' title='bbox 1173 3661 1280 3719; x_wconf 80' lang='lat' dir='ltr'><strong><em>cestim</em></strong></span> <span class='ocrx_word' id='word_1_324' title='bbox 1306 3670 1332 3718; x_wconf 87' lang='lat' dir='ltr'><strong><em>et</em></strong></span> 
     </span>
     <span class='ocr_line' id='line_1_34' title="bbox 187 3751 1330 3836; baseline 0.003 -23"><span class='ocrx_word' id='word_1_325' title='bbox 187 3755 331 3818; x_wconf 85' lang='lat' dir='ltr'><strong><em>solstitiali</em></strong></span> <span class='ocrx_word' id='word_1_326' title='bbox 352 3757 467 3816; x_wconf 83' lang='lat' dir='ltr'><strong><em>orientis</em></strong></span> <span class='ocrx_word' id='word_1_327' title='bbox 488 3765 563 3815; x_wconf 87' lang='lat' dir='ltr'><strong><em>msto</em></strong></span> <span class='ocrx_word' id='word_1_328' title='bbox 584 3757 671 3822; x_wconf 85' lang='lat' dir='ltr'><strong><em>veuit,</em></strong></span> <span class='ocrx_word' id='word_1_329' title='bbox 694 3753 814 3834; x_wconf 75' lang='grc' dir='ltr'><strong><em>βορέας</em></strong></span> <span class='ocrx_word' id='word_1_330' title='bbox 830 3751 944 3826; x_wconf 69' lang='lat' dir='ltr'><strong><em>Graece</em></strong></span> <span class='ocrx_word' id='word_1_331' title='bbox 967 3754 1065 3817; x_wconf 81' lang='lat' dir='ltr'><strong><em>Latius</em></strong></span> <span class='ocrx_word' id='word_1_332' title='bbox 1085 3755 1181 3836; x_wconf 71' lang='lat' dir='ltr'><strong><em>aquilo</em></strong></span> <span class='ocrx_word' id='word_1_333' title='bbox 1195 3760 1330 3817; x_wconf 72' lang='lat' dir='ltr'><strong><em>uomita-</em></strong></span> 
     </span>
     <span class='ocr_line' id='line_1_35' title="bbox 187 3851 1331 3929; baseline 0.005 -19"><span class='ocrx_word' id='word_1_334' title='bbox 187 3861 250 3924; x_wconf 90' lang='lat' dir='ltr'><strong><em>tur,·</em></strong></span> <span class='ocrx_word' id='word_1_335' title='bbox 273 3853 345 3914; x_wconf 87' lang='lat' dir='ltr'><strong><em>Gell.</em></strong></span> <span class='ocrx_word' id='word_1_336' title='bbox 362 3857 380 3929; x_wconf 66' lang='grc'><strong>6</strong></span> <span class='ocrx_word' id='word_1_337' title='bbox 397 3851 443 3914; x_wconf 87' lang='grc'><strong><em>28.</em></strong></span> <span class='ocrx_word' id='word_1_338' title='bbox 460 3852 499 3914; x_wconf 87' lang='grc' dir='ltr'><strong><em>Μ.</em></strong></span> <span class='ocrx_word' id='word_1_339' title='bbox 525 3851 595 3914; x_wconf 82' lang='lat' dir='ltr'><strong><em>Coto</em></strong></span> <span class='ocrx_word' id='word_1_340' title='bbox 608 3897 636 3912; x_wconf 93' lang='lat'><strong><em>..</em></strong></span> <span class='ocrx_word' id='word_1_341' title='bbox 660 3857 782 3914; x_wconf 83' lang='lat' dir='ltr'><strong><em>certium</em></strong></span> <span class='ocrx_word' id='word_1_342' title='bbox 798 3852 875 3924; x_wconf 88' lang='lat' dir='ltr'><strong><em>dicit,</em></strong></span> <span class='ocrx_word' id='word_1_343' title='bbox 896 3869 956 3912; x_wconf 89' lang='grc' dir='ltr'><strong><em>αοα</em></strong></span> <span class='ocrx_word' id='word_1_344' title='bbox 969 3857 1088 3916; x_wconf 86' lang='lat' dir='ltr'><strong><em>circium</em></strong></span> <span class='ocrx_word' id='word_1_345' title='bbox 1103 3881 1145 3908; x_wconf 89' lang='lat'>=</span> <span class='ocrx_word' id='word_1_346' title='bbox 1166 3855 1202 3916; x_wconf 89' lang='lat' dir='ltr'><strong><em>de</em></strong></span> <span class='ocrx_word' id='word_1_347' title='bbox 1218 3856 1331 3916; x_wconf 86' lang='lat' dir='ltr'><strong><em>mundo</em></strong></span> 
     </span>
     <span class='ocr_line' id='line_1_36' title="bbox 189 3950 1329 4035; baseline 0.004 -25"><span class='ocrx_word' id='word_1_348' title='bbox 189 3952 238 4022; x_wconf 90' lang='grc'><strong><em>14,</em></strong></span> <span class='ocrx_word' id='word_1_349' title='bbox 255 3951 274 4010; x_wconf 94' lang='grc'><strong>6</strong></span> <span class='ocrx_word' id='word_1_350' title='bbox 299 3951 368 4015; x_wconf 85' lang='lat' dir='ltr'><strong><em>Coto</em></strong></span> <span class='ocrx_word' id='word_1_351' title='bbox 385 3999 391 4014; x_wconf 92' lang='lat'><strong>.</strong></span> <span class='ocrx_word' id='word_1_352' title='bbox 409 4000 415 4012; x_wconf 95' lang='lat'><em>.</em></span> <span class='ocrx_word' id='word_1_353' title='bbox 433 3971 493 4014; x_wconf 86' lang='lat' dir='ltr'><strong><em>uou</em></strong></span> <span class='ocrx_word' id='word_1_354' title='bbox 514 3956 642 4022; x_wconf 87' lang='lat' dir='ltr'><strong><em>circium,</em></strong></span> <span class='ocrx_word' id='word_1_355' title='bbox 665 3952 713 4012; x_wconf 82' lang='lat' dir='ltr'><strong><em>sod</em></strong></span> <span class='ocrx_word' id='word_1_356' title='bbox 735 3954 855 4012; x_wconf 82' lang='lat' dir='ltr'><strong><em>ceruum</em></strong></span> <span class='ocrx_word' id='word_1_357' title='bbox 878 3950 951 4011; x_wconf 88' lang='lat' dir='ltr'><strong><em>dicit.</em></strong></span> <span class='ocrx_word' id='word_1_358' title='bbox 988 3969 1023 4010; x_wconf 82' lang='lat' dir='ltr'><strong><em>ex</em></strong></span> <span class='ocrx_word' id='word_1_359' title='bbox 1044 3953 1079 4014; x_wconf 90' lang='lat' dir='ltr'><strong><em>iis</em></strong></span> <span class='ocrx_word' id='word_1_360' title='bbox 1101 3972 1170 4015; x_wconf 88' lang='lat' dir='ltr'><strong><em>vero</em></strong></span> <span class='ocrx_word' id='word_1_361' title='bbox 1193 3955 1266 4035; x_wconf 90' lang='lat' dir='ltr'><strong><em>ipsis</em></strong></span> <span class='ocrx_word' id='word_1_362' title='bbox 1282 3973 1329 4016; x_wconf 87' lang='lat' dir='ltr'><strong><em>ca-</em></strong></span> 
     </span>
     <span class='ocr_line' id='line_1_37' title="bbox 185 4049 1330 4129; baseline 0.005 -20"><span class='ocrx_word' id='word_1_363' title='bbox 185 4049 297 4129; x_wconf 87' lang='lat' dir='ltr'><strong><em>pitibus</em></strong></span> <span class='ocrx_word' id='word_1_364' title='bbox 322 4050 359 4112; x_wconf 90' lang='grc'><strong><em>13</em></strong></span> <span class='ocrx_word' id='word_1_365' title='bbox 385 4061 415 4113; x_wconf 89' lang='lat' dir='ltr'><strong><em>et</em></strong></span> <span class='ocrx_word' id='word_1_366' title='bbox 440 4053 479 4112; x_wconf 84' lang='lat'><strong><em>14</em></strong></span> <span class='ocrx_word' id='word_1_367' title='bbox 501 4051 572 4112; x_wconf 88' lang='lat' dir='ltr'><strong><em>item</em></strong></span> <span class='ocrx_word' id='word_1_368' title='bbox 596 4051 793 4129; x_wconf 85' lang='lat' dir='ltr'><strong><em>cognoscitur,</em></strong></span> <span class='ocrx_word' id='word_1_369' title='bbox 825 4067 914 4128; x_wconf 86' lang='lat' dir='ltr'><strong><em>quam</em></strong></span> <span class='ocrx_word' id='word_1_370' title='bbox 936 4049 1059 4111; x_wconf 86' lang='lat' dir='ltr'><strong><em>sollicite</em></strong></span> <span class='ocrx_word' id='word_1_371' title='bbox 1081 4061 1184 4112; x_wconf 85' lang='lat' dir='ltr'><strong><em>auctor</em></strong></span> <span class='ocrx_word' id='word_1_372' title='bbox 1207 4053 1330 4114; x_wconf 79' lang='lat' dir='ltr'><strong><em>eandem</em></strong></span> 
     </span>
     <span class='ocr_line' id='line_1_38' title="bbox 185 4147 1330 4231; baseline 0.007 -26"><span class='ocrx_word' id='word_1_373' title='bbox 185 4167 287 4210; x_wconf 88' lang='lat' dir='ltr'><strong><em>vocem</em></strong></span> <span class='ocrx_word' id='word_1_374' title='bbox 310 4149 453 4222; x_wconf 81' lang='lat' dir='ltr'><strong><em>vitaverit,</em></strong></span> <span class='ocrx_word' id='word_1_375' title='bbox 477 4151 517 4211; x_wconf 84' lang='lat' dir='ltr'><strong><em>ita</em></strong></span> <span class='ocrx_word' id='word_1_376' title='bbox 539 4159 573 4211; x_wconf 89' lang='lat' dir='ltr'><strong><em>ut</em></strong></span> <span class='ocrx_word' id='word_1_377' title='bbox 596 4149 641 4211; x_wconf 92' lang='lat' dir='ltr'><strong><em>vel</em></strong></span> <span class='ocrx_word' id='word_1_378' title='bbox 655 4149 806 4211; x_wconf 55' lang='lat' dir='ltr'><strong><em>,minimae</em></strong></span> <span class='ocrx_word' id='word_1_379' title='bbox 820 4147 980 4228; x_wconf 79' lang='lat' dir='ltr'><strong><em>particulae</em></strong></span> <span class='ocrx_word' id='word_1_380' title='bbox 1001 4156 1252 4228; x_wconf 81' lang='lat' dir='ltr'><strong><em>permutarentur,</em></strong></span> <span class='ocrx_word' id='word_1_381' title='bbox 1276 4171 1330 4231; x_wconf 91' lang='lat' dir='ltr'><strong><em>pro</em></strong></span> 
     </span>
     <span class='ocr_line' id='line_1_39' title="bbox 186 4243 1331 4327; baseline 0.005 -23"><span class='ocrx_word' id='word_1_382' title='bbox 186 4257 281 4307; x_wconf 77' lang='lat' dir='ltr'><strong><em>aretem</em></strong></span> <span class='ocrx_word' id='word_1_383' title='bbox 304 4255 466 4325; x_wconf 86' lang='lat' dir='ltr'><strong><em>poneretur</em></strong></span> <span class='ocrx_word' id='word_1_384' title='bbox 487 4266 554 4310; x_wconf 83' lang='lat' dir='ltr'><strong><em>otro</em></strong></span> <span class='ocrx_word' id='word_1_385' title='bbox 582 4247 613 4326; x_wconf 60' lang='lat' dir='ltr'><strong><em>(i</em></strong></span> <span class='ocrx_word' id='word_1_386' title='bbox 636 4247 655 4307; x_wconf 89' lang='grc'><strong>9</strong></span> <span class='ocrx_word' id='word_1_387' title='bbox 680 4243 794 4309; x_wconf 79' lang='lat' dir='ltr'><strong><em>boream</em></strong></span> <span class='ocrx_word' id='word_1_388' title='bbox 816 4258 911 4308; x_wconf 84' lang='lat' dir='ltr'><strong><em>autem</em></strong></span> <span class='ocrx_word' id='word_1_389' title='bbox 932 4273 976 4298; x_wconf 87' lang='lat'><strong><em>=</em></strong></span> <span class='ocrx_word' id='word_1_390' title='bbox 1000 4245 1083 4316; x_wconf 84' lang='lat'><strong><em>13,7</em></strong></span> <span class='ocrx_word' id='word_1_391' title='bbox 1107 4248 1228 4327; x_wconf 75' lang='grc' dir='ltr'><strong><em>βορέαν</em></strong></span> <span class='ocrx_word' id='word_1_392' title='bbox 1249 4269 1331 4323; x_wconf 87' lang='lat' dir='ltr'><strong><em>oero,·</em></strong></span> 
     </span>
     <span class='ocr_line' id='line_1_40' title="bbox 186 4344 1329 4418; baseline 0.003 -14"><span class='ocrx_word' id='word_1_393' title='bbox 186 4349 203 4418; x_wconf 65' lang='grc'><strong>6</strong></span> <span class='ocrx_word' id='word_1_394' title='bbox 230 4345 266 4404; x_wconf 94' lang='grc'><strong><em>14</em></strong></span> <span class='ocrx_word' id='word_1_395' title='bbox 289 4346 421 4406; x_wconf 90' lang='lat' dir='ltr'><strong><em>meridies</em></strong></span> <span class='ocrx_word' id='word_1_396' title='bbox 444 4358 538 4409; x_wconf 86' lang='lat' dir='ltr'><strong><em>autem</em></strong></span> <span class='ocrx_word' id='word_1_397' title='bbox 553 4392 584 4407; x_wconf 86' lang='lat'><strong><em>..</em></strong></span> <span class='ocrx_word' id='word_1_398' title='bbox 607 4365 700 4408; x_wconf 91' lang='lat' dir='ltr'><strong><em>uuum</em></strong></span> <span class='ocrx_word' id='word_1_399' title='bbox 721 4347 897 4408; x_wconf 81' lang='lat' dir='ltr'><strong><em>meridialem</em></strong></span> <span class='ocrx_word' id='word_1_400' title='bbox 919 4355 1035 4406; x_wconf 84' lang='lat' dir='ltr'><strong><em>acutum</em></strong></span> <span class='ocrx_word' id='word_1_401' title='bbox 1056 4344 1137 4406; x_wconf 77' lang='lat' dir='ltr'><strong><em>habet</em></strong></span> <span class='ocrx_word' id='word_1_402' title='bbox 1158 4370 1202 4398; x_wconf 96' lang='lat'>=</span> <span class='ocrx_word' id='word_1_403' title='bbox 1226 4347 1272 4418; x_wconf 89' lang='grc'><strong><em>13,</em></strong></span> <span class='ocrx_word' id='word_1_404' title='bbox 1291 4349 1329 4407; x_wconf 87' lang='grc'><strong><em>12</em></strong></span> 
     </span>
     <span class='ocr_line' id='line_1_41' title="bbox 185 4442 1329 4526; baseline 0.002 -23"><span class='ocrx_word' id='word_1_405' title='bbox 185 4443 315 4504; x_wconf 85' lang='lat' dir='ltr'><strong><em>meridies</em></strong></span> <span class='ocrx_word' id='word_1_406' title='bbox 337 4461 447 4504; x_wconf 87' lang='lat' dir='ltr'><strong><em>cero..</em></strong></span> <span class='ocrx_word' id='word_1_407' title='bbox 470 4464 529 4506; x_wconf 92' lang='grc' dir='ltr'><strong><em>ααο</em></strong></span> <span class='ocrx_word' id='word_1_408' title='bbox 553 4458 652 4508; x_wconf 88' lang='lat' dir='ltr'><strong><em>austro</em></strong></span> <span class='ocrx_word' id='word_1_409' title='bbox 671 4446 841 4526; x_wconf 76' lang='lat' dir='ltr'><strong><em>perflatur),</em></strong></span> <span class='ocrx_word' id='word_1_410' title='bbox 868 4464 902 4507; x_wconf 90' lang='lat' dir='ltr'><strong><em>oo</em></strong></span> <span class='ocrx_word' id='word_1_411' title='bbox 924 4464 979 4524; x_wconf 88' lang='lat' dir='ltr'><strong><em>pro</em></strong></span> <span class='ocrx_word' id='word_1_412' title='bbox 1001 4457 1036 4517; x_wconf 88' lang='lat' dir='ltr'><strong><em>et,</em></strong></span> <span class='ocrx_word' id='word_1_413' title='bbox 1064 4442 1201 4504; x_wconf 88' lang='lat' dir='ltr'><strong><em>similiter</em></strong></span> <span class='ocrx_word' id='word_1_414' title='bbox 1228 4444 1329 4523; x_wconf 86' lang='lat' dir='ltr'><strong><em>adpel-</em></strong></span> 
     </span>
    </p>
   </div>
   <div class='ocr_carea' id='block_1_4' title="bbox 0 0 1677 5238">
    <p class='ocr_par' dir='ltr' id='par_1_4' title="bbox 0 0 1677 5238">
     <span class='ocr_line' id='line_1_42' title="bbox 0 0 1677 5238; baseline 0 0"><span class='ocrx_word' id='word_1_415' title='bbox 0 0 1677 5238; x_wconf 95' lang='lat' dir='ltr'><strong><em> </em></strong></span> 
     </span>
    </p>
   </div>
  </div>
 </body>
</html>
