3324 5238
817 387 1037 450 ..22-

354 565 397 626 lu's
418 575 443 626 et
463 563 599 644 plurilus
620 566 712 626 cerlis
734 563 934 644 compellatum
956 574 981 623 et
1003 565 1121 642 insuper
1142 565 1254 645 affatim
1267 565 1361 643 plapis
1379 569 1500 644 castipa-

355 674 415 726 tum
429 665 588 743 forinsecus
603 663 709 734 obiicit;
734 661 784 732 34,
801 661 841 722 22
858 661 994 722 mustelae
1009 671 1153 723 mortuum
1168 673 1324 740 serpentem
1337 665 1501 742 sorimseous

354 765 500 825 mordicus
522 763 700 824 attraleeutes.
748 763 827 841 quod
851 770 954 824 contra
982 761 1014 822 in
1043 761 1253 842 philosophicis
1284 772 1314 825 et
1342 765 1500 826 rhetoricis

353 863 472 942 scriptis
485 869 513 923 et
528 863 603 941 foris
613 869 642 922 et
656 862 739 940 saras
754 861 873 922 solitum
890 870 934 922 441
946 869 975 922 41
987 861 1091 922 similis
1108 861 1237 923 notionis
1253 881 1309 924 vox
1324 867 1502 926 eatriaseous

354 979 408 1042 pro
432 960 467 1021 al
489 961 629 1021 anteriore
648 969 732 1037 parte
760 967 929 1038 usurpatur,
960 977 1036 1038 quae
1066 960 1143 1038 apud
1172 961 1301 1039 optimos
1329 962 1500 1042 scriptores,

355 1061 536 1134 Ciceronem,
561 1057 673 1118 Livium
698 1064 804 1130 exstat,
827 1058 858 1118 in
882 1067 952 1119 met.
983 1076 1043 1120 non
1074 1058 1191 1137 saepius
1221 1079 1309 1139 quam
1337 1061 1427 1122 semel
1449 1061 1500 1135 Xl,

357 1158 439 1232 11,8
461 1156 572 1218 444414
588 1201 618 1216 ..
643 1160 725 1217 miris
748 1161 923 1218 eatriasecus
945 1158 1106 1218 simulacris
1130 1157 1330 1237 leppptiorum
1360 1160 1500 1240 aspipiata.

356 1261 391 1317 41.
415 1257 480 1317 1144.
503 1273 531 1334 p.
556 1255 638 1326 36,1
664 1273 789 1316 auvam.
807 1301 813 1315 .
830 1257 897 1317 leue
919 1260 1090 1319 iatriusecus
1113 1269 1294 1336 compactam,
1326 1263 1502 1322 eatriusecus

287 1359 290 1366 '
356 1356 497 1436 elepaater
531 1355 684 1433 depictam
722 1354 797 1433 apol.
827 1354 876 1426 24,
901 1353 940 1414 22
975 1357 1071 1416 auimo
1103 1355 1226 1418 leomim's
1263 1362 1437 1420 eutriusecus
1470 1363 1503 1420 irc

354 1454 506 1533 auspitium
528 1456 654 1532 corporis
675 1456 865 1532 imusipraati;
889 1454 926 1514 de
943 1454 1014 1514 Plat.
1038 1453 1145 1515 eteius
1162 1456 1259 1534 dogm.
1283 1456 1304 1534 Ι,
1330 1456 1358 1529 8,
1376 1457 1424 1517 27.
1443 1457 1501 1533 20,

355 1552 384 1626 9,
403 1554 437 1626 1;
461 1552 509 1624 17,
526 1550 581 1624 24;
605 1551 640 1619 11,
657 1549 685 1622 2,
703 1549 759 1624 26;
783 1549 833 1620 23,
850 1550 899 1609 24.
924 1551 980 1624 26;
1003 1551 1053 1622 25,
1068 1553 1115 1612 15.
1154 1563 1304 1633 praeterea
1316 1555 1500 1618 Frontonem

355 1652 413 1712 cito
436 1670 463 1730 p.
491 1650 539 1722 18,
556 1649 596 1710 24
619 1648 690 1709 Nub.
711 1650 837 1728 pralium
852 1648 961 1708 sibimet
976 1647 1102 1712 alienam
1118 1655 1295 1714 eutriasecus
1314 1665 1485 1716 4441444144
1491 1674 1500 1727 ;

354 1748 520 1812 Arnobium
554 1768 582 1828 p.
606 1747 657 1817 32,
674 1745 714 1806 29
742 1747 827 1808 44644
853 1750 1030 1810 extrinsecus
1057 1754 1189 1828 sumptim
1223 1749 1348 1829 83,15;
1376 1753 1448 1826 239,
1464 1752 1500 1828 8;

355 1848 425 1920 249,
444 1847 491 1908 14.

439 1944 623 2008 manifestior
645 1943 734 2005 etiam
758 1944 891 2025 quaestio
914 1944 958 2015 61,
982 1964 1071 2025 quam
1088 1948 1310 2027 proposuimus,
1333 1970 1389 2014 usu
1408 1951 1502 2032 parti-

354 2046 436 2108 culae
464 2063 572 2108 coram.
617 2062 693 2124 quae
720 2043 752 2105 in
781 2051 900 2104 metam.
929 2044 1058 2106 adverbii
1093 2054 1208 2110 tantum
1237 2058 1336 2128 partes
1366 2049 1500 2127 suscipit,

354 2153 387 2206 ut
409 2143 517 2204 docent
543 2141 781 2215 teutmaro
808 2161 891 2203 reum
922 2158 1020 2204 aarum
1049 2146 1232 2223 deprensum,-
1270 2147 1372 2219 19,11
1405 2165 1502 2208 coram

354 2245 464 2322 mapiae
487 2243 642 2302 uoscemlae
665 2241 880 2302 ardentissimus
904 2246 1028 2320 cupitor‚·
1056 2242 1101 2313 lv,
1125 2240 1175 2314 30,
1194 2243 1232 2303 16
1256 2243 1380 2322 Pspcleu
1397 2287 1426 2302 ..
1451 2263 1499 2306 co·

353 2359 419 2401 ram
441 2325 575 2411 ostendit:
599 2338 645 2409 Vl,
669 2338 776 2412 29,18
799 2355 851 2400 aas
867 2385 898 2400 ..
921 2357 1019 2402 caram
1041 2339 1254 2418 deprehendunt
1280 2345 1336 2420 ipsi
1361 2339 1499 2413 latronem

354 2436 557 2512 71112922
586 2456 684 2500 coram
710 2456 770 2499 rem
798 2441 931 2499 14444441
956 2457 1055 2512 suam,·
1090 2437 1138 2516 IX,
1162 2437 1268 2512 21,18
1302 2458 1360 2502 aaa
1387 2440 1500 2519 quidem

354 2555 452 2600 coram
474 2555 569 2599 uomae
587 2537 758 2616 preleasus;
789 2536 822 2608 Χ,
847 2537 875 2607 9,
893 2534 934 2596 27
962 2537 1105 2615 perlatam
1132 2555 1231 2600 caram
1254 2539 1383 2611 calibem·
1416 2538 1498 2608 16,7

354 2655 417 2696 cum
439 2635 523 2716 pidem
545 2653 628 2696 sacam
647 2653 744 2696 coram
766 2635 891 2697 lacerari
911 2636 1034 2707 otacrum
1065 2636 1113 2708 16,
1130 2635 1171 2697 26
1195 2641 1327 2715 proaimc
1351 2639 1502 2698 4444141444

355 2753 453 2796 coram
475 2735 645 2796 arbitratur.
691 2734 777 2807 26,4
807 2753 903 2796 coram
931 2735 1039 2796 deteato
1063 2733 1162 2806 calice;
1190 2734 1237 2804 Xl,
1262 2735 1312 2805 23,
1330 2735 1363 2795 11
1399 2737 1504 2796 accessi

354 2852 452 2896 coram
473 2843 500 2894 41
522 2833 644 2896 odoravi
665 2834 699 2895 ale
717 2851 880 2914 proooum03
903 2832 989 2906 30,ss
1012 2850 1109 2893 coram
1131 2849 1183 2894 suo
1201 2831 1251 2894 illo
1273 2835 1436 2896 oeueramla
1459 2852 1502 2896 me

354 2934 487 3013 clipeatus
518 2933 676 3013 adsumme.
732 2933 859 3012 Draegor
892 2932 1012 3013 quidem
1039 2932 1056 2992 l.
1079 2932 1097 2992 l.
1128 2930 1150 3002 1,
1174 2930 1236 2992 602
1263 2930 1371 3013 (6464)
1405 2951 1503 2994 coram

269 3071 271 3078 ι
355 3050 422 3091 cunr
446 3031 614 3107 genetivoa
637 3031 700 3092 solo
722 3031 845 3110 Apuleio
870 3039 938 3092 met.
963 3031 1012 3103 IX,
1040 3030 1078 3092 21
1105 3025 1297 3092 coniunctum
1328 3049 1394 3092 4444
1416 3032 1503 3092 docet

355 3147 453 3189 coram
473 3145 567 3189 aonae
589 3128 752 3208 preleusus,
783 3130 862 3206 quod
887 3137 987 3190 nostra
1010 3130 1108 3206 lingna
1133 3129 1221 3190 vertit
1243 3131 1300 3210 aus
1318 3131 1440 3209 sciscitor
1461 3139 1503 3190 tot

355 3237 479 3307 ertappt:
501 3226 553 3287 sed
576 3243 701 3307 prorsus
724 3226 867 3286 erravisse
891 3245 960 3288 enm
983 3227 1065 3286 facile
1088 3226 1273 3304 perspicitur,
1299 3245 1366 3288 nam
1388 3228 1501 3304 geneti-

356 3345 408 3388 vus
431 3346 446 3387 a
469 3325 625 3405 participio
644 3325 799 3404 prehensus
821 3325 939 3404 pendet,
964 3324 1011 3386 cui
1034 3341 1130 3385 coram
1145 3323 1316 3386 adverbium
1332 3325 1501 3404 adpositum

356 3433 410 3484 est.
455 3443 509 3502 pro
533 3424 752 3504 praepositione
782 3443 853 3484 vero
882 3423 1022 3502 Apuleius
1051 3421 1232 3501 peculiarem
1262 3425 1388 3484 formam
1419 3424 1503 3486 tinxit

355 3527 494 3593 iacerem,
523 3542 609 3601 quam
641 3523 722 3602 quod
753 3523 838 3600 sequi
861 3523 938 3584 solet
962 3539 1045 3584 casus
1066 3520 1231 3600 genetivus,
1262 3522 1447 3600 grammatici
1469 3531 1504 3584 ut

356 3620 577 3681 asubstantiva
608 3620 705 3698 aliquo
738 3639 805 3682 cora
834 3621 951 3682 ductam
981 3638 1047 3680 esse
1078 3619 1154 3680 lrand
1185 3620 1247 3682 seio
1277 3638 1314 3680 an
1338 3621 1410 3692 falso
1438 3621 1503 3681 effi·

356 3717 476 3799 ciana).
520 3719 627 3798 legitur
651 3719 731 3780 enim
755 3729 826 3780 met.
850 3719 909 3792 Vll,
934 3717 984 3792 21,
1001 3717 1041 3778 26
1064 3722 1192 3780 iaooram
1221 3722 1349 3782 ommium
1370 3719 1504 3800 pestt'ebat

355 3816 526 3878 r'ascemlere.
572 3816 619 3886 IX,
646 3816 694 3888 10,
712 3816 752 3876 211
774 3819 905 3878 incoram
928 3820 1055 3880 omnium
1085 3835 1205 3880 aureum
1235 3817 1410 3896 depromeret
1431 3837 1503 3880 cors-

356 3917 487 3989 tlarum;
502 3917 562 3990 ,15‚
579 3915 618 3974 26
643 3915 758 3978 iulelat
772 3919 904 3978 incoram
919 3919 967 3978 sui
976 3916 1078 3996 plopas
1093 3920 1233 3997 s'rropari3
1257 3916 1292 3990 X,
1315 3916 1344 3988 5,
1364 3917 1401 3978 13
1424 3919 1503 3979 aile-

356 4015 404 4075 lot
424 4018 553 4076 iacerem
574 4017 622 4075 sui
641 4015 791 4093 [4444444
821 4032 922 4076 verum
952 4014 987 4088 X,
1011 4015 1097 4089 23,7
1120 4033 1229 4076 meorum
1251 4018 1381 4077 incoram
1404 4015 1501 4094 pulli-

356 4130 419 4172 cout
438 4109 541 4191 populi
565 4130 681 4175 caueam
703 4114 900 4193 frequentaret
923 4123 1093 4194 corruptum
1123 4131 1188 4174 4444
1210 4114 1369 4187 contenda,
1399 4131 1503 4192 qnam·

356 4228 444 4288 quam
468 4210 621 4271 neminem
645 4211 741 4272 adhuc
769 4212 801 4272 in
824 4229 859 4272 eo
883 4211 1012 4273 haesisse
1036 4212 1129 4286 video,
1157 4229 1225 4272 nam
1253 4211 1355 4292 populi
1374 4213 1501 4276 444444-

425 4423 447 4486 1)
465 4419 497 4473 er.
517 4422 595 4473 uana.
614 4423 632 4473 1.
644 4421 662 4473 r.
681 4421 720 4488 ru,
739 4423 797 4474 ass.
