3324 5238
785 401 1005 468 ...56-

322 576 465 644 &aaaron
480 589 506 642 et
518 577 652 645 detinere
664 583 827 660 proctamet,
846 579 891 642 oni
907 578 972 642 loeo
989 577 1118 642 Adamas
1133 576 1296 656 plurimum
1312 575 1467 650 tribuerat

318 685 399 740 reete
420 676 631 757 interpretatus
648 687 737 759 atque
752 679 925 751 sententias,
949 697 1024 758 quae
1046 675 1157 740 Greeeo
1181 675 1278 741 libello
1302 674 1463 740 eontinen-

319 786 377 849 tur,
399 775 529 855 singulas
552 777 699 857 explicans
722 795 795 844 num
811 777 1001 858 Apuleianam
1023 773 1240 856 philosophiam
1255 773 1466 848 redolenter).

319 873 345 938 'u
367 873 458 954 igitm
480 875 523 940 vir
544 875 700 955 sagacitate
722 876 782 940 aeri
807 875 959 956 praeditus
983 881 1012 940 et
1032 873 1180 940 industria
1195 873 1323 938 mamma
1345 881 1466 938 strenua

319 983 489 1054 occupatus,
511 974 558 1038 eui
580 974 657 1040 bene
680 975 787 1040 merito
810 976 889 1040 inter
910 991 971 1050 eos,
1003 973 1054 1055 qui
1076 973 1132 1038 hat
1153 979 1249 1038 aetate
1278 971 1360 1038 libris
1382 973 1466 1052 Apu*

319 1071 423 1136 leianis
446 1074 640 1138 emendandis
662 1089 782 1156 operam
809 1081 1004 1146 navaverunt.
1034 1082 1065 1138 et
1088 1089 1195 1136 nomm
1219 1071 1356 1136 eodieum
1377 1070 1467 1136 oola·

319 1171 433 1236 donem
454 1181 619 1238 accuratam
636 1183 665 1240 et
683 1172 878 1254 editionem&
903 1172 1146 1254 philosophorum
1167 1169 1347 1250 scripturum
1365 1169 1466 1234 utilem

320 1271 472 1346 debemus,
488 1271 699 1336 lloaleeherum
723 1279 804 1338 reete
826 1272 934 1336 vidisse
949 1269 1152 1354 pronuntiavit
1166 1268 1272 1349 Apulei
1295 1270 1331 1332 de
1355 1268 1465 1332 mundo

319 1371 428 1436 librum
456 1389 492 1438 ex
519 1371 780 1438 Pseudaristotelio
808 1369 886 1453 maol
907 1362 1036 1452 adepte
1060 1369 1161 1436 neseio
1195 1387 1295 1448 aquo
1324 1367 1466 1432 Graeculo

319 1471 443 1539 homine
470 1472 581 1551 seripto
610 1471 750 1552 pendere.
795 1471 900 1536 deinde
935 1469 1008 1534 nihil
1040 1469 1101 1536 iam
1135 1469 1171 1534 de
1204 1468 1259 1534 laea
1290 1467 1467 1532 conditione

318 1570 540 1650 promulgatum
555 1578 615 1648 estq
635 1588 670 1636 ae
684 1571 817 1652 prolaeto
837 1569 962 1651 quodvis
984 1568 1136 1642 iudicium,
1158 1567 1239 1648 quod
1261 1565 1389 1647 proferri
1410 1585 1466 1646 po-

320 1676 413 1743 tamt,
448 1669 594 1748 prolatum
632 1689 699 1736 asse
737 1669 878 1734 videatur.
924 1683 1021 1749 neque
1062 1681 1132 1730 vere
1174 1665 1331 1747 quisquam
1371 1665 1466 1730 adhue

320 1768 357 1830 de
392 1767 517 1848 Apuleio
554 1769 643 1834 huius
679 1769 748 1834 libri
784 1776 906 1832 auctore
943 1766 1080 1834 dubitare
1120 1783 1210 1832 ausus
1255 1771 1314 1836 est,
1357 1764 1468 1845 quippo

320 1865 407 1930 ouius
439 1867 572 1932 sermoni
605 1873 702 1931 totum
736 1866 851 1932 dicendi
885 1885 980 1946 genus
1017 1873 1050 1930 ut
1080 1866 1166 1946 plone
1199 1863 1393 1946 responderet
1426 1863 1466 1926 ita

320 1965 467 2030 eiusmodi
500 1984 576 2046 opus
598 1965 828 2047 haudquaquam
858 1984 873 2028 a
901 1975 972 2032 nott
1002 1964 1087 2032 nohis
1112 1964 1326 2030 consuetudine
1353 1963 1466 2028 distre-

319 2073 414 2146 pmat.
459 2081 641 2146 quamquam
663 2084 733 2134 vero
768 2066 808 2129 ite
843 2080 876 2128 ea
904 2063 1037 2145 quaestio
1070 2062 1312 2128 doctissimorum
1334 2063 1466 2129 virorum

319 2181 465 2226 consensu
487 2165 572 2244 quasi
594 2165 769 2245 longissime
791 2171 907 2230 remota
930 2164 1047 2228 videtur
1070 2181 1105 2226 ne
1137 2171 1287 2243 segregata
1317 2162 1354 2228 ab
1383 2160 1466 2226 omni

317 2262 429 2336 studio,
452 2271 552 2329 tamen
575 2278 631 2330 net
652 2282 743 2345 opera
765 2263 923 2344 indignum
946 2280 1010 2328 essa
1040 2269 1071 2328 et
1097 2262 1207 2343 aliquid
1240 2261 1329 2343 pretii
1360 2260 1467 2326 lathem

320 2361 393 2424 mihi
417 2361 531 2426 videtum
551 2363 642 2428 rebus
663 2363 695 2424 in
717 2371 832 2428 arctum
854 2363 1033 2442 compressis
1055 2363 1224 2444 anquirere,
1246 2377 1321 2426 num
1343 2379 1376 2424 re
1398 2376 1464 2422 vera

318 2468 379 2524 tam
414 2470 528 2526 mutum
561 2468 682 2542 tamque
716 2461 836 2526 firmum
876 2461 1120 2542 exploratumque
1151 2462 1192 2524 sit
1224 2460 1380 2542 Apuleium
1405 2457 1467 2522 hla-

273 2569 277 2578 '
319 2559 497 2624 daurensem
519 2559 666 2626 Grseeum
694 2560 801 2626 librum
831 2560 864 2626 in
893 2560 1031 2624 Latinum
1063 2577 1233 2628 sermonem
1267 2559 1402 2632 vertisse.
1436 2563 1469 2620 ut

318 2675 425 2724 omnes
446 2659 478 2720 in
500 2678 535 2724 ee
558 2667 693 2740 oporteat
707 2659 903 2741 requiescere,
927 2659 1041 2724 nemini
1054 2659 1140 2724 aliter
1152 2659 1267 2724 sentim
1287 2658 1401 2724 deiram
1419 2655 1467 2719 eit.

406 2789 470 2834 ease
492 2769 524 2833 in
545 2789 656 2850 genere
678 2771 796 2834 dieendi
816 2771 1041 2836 similitudinem
1064 2772 1142 2835 inter
1163 2771 1273 2834 ιιιιιιιιι
1295 2772 1332 2838 ds
1354 2769 1468 2832 mundo

311 2879 350 2945 ,et
372 2869 532 2950 Apuleiana
556 2872 665 2951 arripta
688 2870 886 2934 eontedimus.
930 2880 1019 2951 atque
1042 2891 1078 2934 ea
1106 2872 1170 2952 ipsa
1190 2870 1338 2933 sermonis
1362 2868 1469 2934 simili·

318 2967 422 3034 tudine
443 2969 498 3032 viri
520 2970 600 3034 dotti
619 2970 740 3033 adducti
762 2979 842 3042 sunt,
866 2977 899 3033 ut
921 2985 1043 3032 omnem
1067 2969 1282 3034 dubitationem
1305 2969 1342 3031 de
1362 2966 1468 3050 Apulei

319 3065 496 3132 auctoritate
529 3067 703 3130 eximerent.
763 3085 832 3132 nam
866 3069 968 3132 eadem
1003 3077 1139 3132 contorta
1173 3069 1293 3151 quidem
1329 3066 1468 3140 donatio,

319 3164 422 3230 eedem
445 3163 547 3245 putida
561 3165 724 3228 aetumide
746 3166 898 3230 invenitur
918 3168 950 3229 in
965 3168 1041 3231 libro
1064 3170 1101 3231 de
1116 3169 1240 3242 mundo,
1260 3168 1347 3231 euius
1366 3165 1467 3230 dulos·

320 3264 389 3330 dine
409 3281 524 3340 eorum,
548 3265 598 3345 qui
620 3263 751 3345 primum
773 3266 934 3346 Apuleiana
955 3267 1063 3347 scripta
1078 3267 1190 3347 lamma
1214 3275 1331 3329 mentes
1347 3267 1469 3348 capiun-

319 3373 380 3437 tur,
400 3364 453 3446 qui
476 3365 574 3429 denuo
595 3385 629 3428 ea
651 3366 850 3441 meluerunt,
874 3367 972 3430 toedio
987 3367 1174 3429 adliciuntur.
1219 3365 1321 3448 imque
1336 3367 1362 3436 si
1378 3383 1470 3447 quae-

319 3472 412 3537 ratur.
437 3479 508 3528 num
531 3464 610 3526 forta
626 3464 776 3529 diversum
800 3464 871 3546 quid
893 3465 926 3529 in
949 3465 1083 3527 oratione
1104 3465 1198 3527 nihilo
1221 3466 1321 3528 minus
1336 3466 1469 3540 exsistat,

320 3563 400 3628 solos
428 3563 642 3643 particularum
670 3580 744 3626 usos
772 3573 819 3627 est
846 3564 1063 3645 respieiendus.
1107 3581 1233 3646 quarum
1260 3565 1287 3627 ei
1313 3563 1469 3627 diversitas

320 3660 452 3742 adparet,
473 3681 510 3724 eo
534 3661 627 3742 magis
648 3679 698 3724 res
721 3672 784 3728 tota
807 3664 925 3727 deserni
948 3671 1056 3744 potest,
1078 3665 1158 3745 quod
1181 3679 1248 3727 raro
1269 3671 1300 3727 et
1320 3663 1469 3728 intendite

318 3760 455 3840 propriae
485 3759 645 3841 partierlae
678 3769 838 3844 usurpatae
871 3770 960 3838 sunta
1004 3777 1073 3825 nam
1113 3763 1329 3826 sententiarum
1367 3767 1469 3843 parles

319 3859 496 3940 plerumque
517 3858 677 3938 eentipuae
704 3861 935 3940 coniunguntur,
968 3873 1031 3923 non
1057 3861 1113 3926 alie
1142 3860 1191 3924 alii
1218 3860 1372 3924 subluitur.
1416 3861 1468 3923 ted

318 3957 454 4039 quamvis
476 3957 515 4020 ita
538 3975 645 4039 pervus
668 3975 813 4022 numerus
836 3958 1049 4038 partieulerum
1075 3961 1122 4034 sit,
1157 3965 1258 4022 tamen
1289 3960 1335 4021 vel
1367 3959 1399 4021 ln
1431 3959 1468 4020 iit

318 4073 393 4122 usus
416 4057 604 4137 eognoeeitur
633 4057 768 4122 diversus
793 4059 832 4122 ab
861 4059 967 4139 Apulei
993 4059 1080 4122 solite
1107 4060 1231 4122 ratione.
1276 4075 1311 4122 ar
1337 4059 1467 4141 primurn

321 4207 534 4232 maa-...amq

391 4293 413 4357 ²)
431 4291 496 4344 eenf.
516 4293 534 4343 l.
552 4293 571 4344 l.
589 4309 613 4360 p.
626 4293 771 4344 ete-677.

388 4375 408 4437 'l
427 4375 454 4425 in
481 4390 562 4440 quam,
589 4381 618 4426 ut
644 4373 705 4424 mihi
731 4373 844 4436 uidetur,
870 4374 976 4438 gravium
1002 4377 1070 4431 laeto
1100 4375 1129 4432 n.
1146 4375 1260 4432 Rehdilts
1287 4377 1370 4430 diurn.
1397 4377 1467 4429 liter.

318 4455 420 4506 lenens.
438 4470 461 4506 r.
484 4455 548 4506 1876
566 4471 590 4522 p.
610 4455 746 4510 tle-let
764 4455 882 4512 irveelus
901 4463 949 4513 est.
