3324 5238
638 397 859 462 „53-

172 582 253 638 recte
276 573 395 655 quidem
419 574 450 635 in
474 574 656 654 praefatione
679 574 744 636 libri
767 576 804 636 de
825 575 929 655 Apulei
952 574 1070 637 dicendi
1084 592 1193 653 genere
1216 573 1316 637 elabo-

172 675 228 736 rati
251 674 321 737 dicit
349 674 464 735 nullum
490 673 601 736 librum
629 673 741 737 tumida
768 674 934 737 elocutione
962 692 1071 746 carere,
1105 693 1162 754 qua
1197 680 1317 736 metam.

173 773 353 842 redundent,
377 779 406 832 et
428 771 573 851 quaedam
599 780 716 833 tantum
747 772 844 852 aliqua
873 773 990 852 linguae
1012 771 1131 854 propria
1165 791 1229 834 esse
1256 773 1318 834 sive

173 880 295 934 metam.
318 871 378 932 sive
401 878 580 932 ceterorum.
624 870 676 931 sed
700 869 729 932 id
753 879 820 933 ante
843 871 944 934 omnia
967 889 1043 950 opus
1067 879 1131 934 erat
1157 871 1205 933 illa
1228 889 1320 952 quae-

174 971 241 1033 dam
264 969 360 1049 aliqua
387 969 418 1030 in
448 987 542 1030 unum
566 969 710 1042 conferre,
747 978 781 1032 ut
807 971 844 1032 iis
874 970 1072 1032 illustraretur
1098 969 1233 1031 condicio
1256 970 1316 1031 sin-

174 1070 322 1149 gulorum.
375 1067 506 1146 llrueger
535 1085 605 1128 vero
638 1067 776 1129 editionis
804 1069 953 1148 apologiae
986 1087 1016 1148 p.
1038 1068 1075 1130 Vl
1109 1068 1255 1142 concedit,
1288 1069 1319 1130 id

174 1168 252 1248 quod
276 1167 335 1228 iam
360 1165 556 1228 Ruhnkenius
579 1166 682 1238 sensit,
712 1165 872 1228 discrimen
895 1166 1045 1247 quoddam
1069 1166 1215 1229 sermonis
1238 1167 1318 1229 inter

175 1266 340 1346 apologiam
368 1274 541 1345 ceterosque
569 1264 659 1327 libros
692 1265 884 1328 intercedere.
930 1265 981 1328 sed
1014 1267 1089 1328 miro
1123 1266 1213 1328 modo
1246 1264 1319 1327 illud

176 1364 344 1427 diversitate
373 1363 476 1426 aetatis
487 1360 507 1441 ¹)
541 1364 678 1426 ellectum
708 1383 774 1426 esse
802 1365 966 1439 contendit,
1000 1384 1053 1444 per
1085 1383 1174 1444 quam
1203 1365 1319 1445 singula

175 1481 264 1543 opera
287 1462 322 1523 ab
346 1463 467 1542 hpuleio
492 1471 633 1543 concepta
662 1469 693 1524 et
715 1461 860 1526 elaborata
890 1469 1000 1524 essent.
1046 1463 1209 1542 apologiam
1238 1463 1317 1524 enim

176 1562 269 1622 instar
292 1579 357 1622 esse
380 1561 527 1623 sermonis
550 1561 581 1623 in
604 1562 735 1624 externis
756 1560 931 1640 regionibus
953 1561 1070 1635 exculti,
1094 1561 1144 1624 ubi
1162 1562 1319 1624 urbanita-

176 1665 236 1721 tem
271 1667 302 1720 et
335 1657 510 1738 elegantiam
545 1661 705 1722 verborum
740 1658 888 1735 didicerit,
927 1659 1218 1742 metamorphoses²)
1251 1679 1320 1724 vero

175 1767 331 1838 ceteraque
359 1776 434 1837 quae
461 1758 613 1838 supersint
639 1761 809 1839 exemplum
844 1758 907 1820 eius
935 1759 1071 1824 dictionis
1102 1760 1254 1840 praebere,
1288 1759 1321 1822 in

175 1875 264 1936 quam
286 1855 472 1938 popularium
495 1875 634 1935 perverso
661 1858 770 1924 iudicio
800 1859 957 1938 indulgens
979 1877 1115 1926 reuersus
1139 1859 1169 1921 in
1193 1858 1321 1926 autem

174 1966 312 2038 provecta
343 1954 401 2016 iam
432 1961 527 2018 aetate
553 1954 701 2020 inciderit.
746 1975 821 2037 quae
855 1957 955 2037 opinio
975 1957 1058 2024 facile
1087 1957 1180 2024 refelli
1212 1966 1322 2038 potest,

175 2055 316 2135 quoniam
338 2054 369 2118 in
388 2053 600 2134 philosophicis
629 2055 747 2135 scriptio
782 2063 811 2120 et
833 2055 864 2118 in
891 2056 1005 2124 floridis
1033 2057 1162 2122 eundem
1190 2056 1322 2138 particu-

174 2155 270 2218 larum
293 2173 381 2218 usum
406 2172 471 2221 esse
493 2161 582 2234 atquo
609 2153 640 2219 io
667 2154 800 2236 apologia
826 2153 965 2228 vidimus,
997 2156 1083 2235 place
1111 2155 1262 2220 diversum
1290 2155 1323 2220 in

174 2251 476 2334 metamorphositas.
511 2251 641 2318 eundem
665 2253 779 2317 veroin
791 2261 861 2320 met.
886 2262 917 2322 et
930 2253 962 2318 in
978 2252 1188 2334 philosophicis
1203 2252 1321 2333 scriptia

176 2353 318 2432 adparere
341 2371 417 2433 opus
441 2361 531 2426 essct,
554 2352 580 2418 si
602 2351 736 2433 apologia
759 2352 898 2420 omuibus
914 2352 1023 2419 ceteris
1038 2352 1322 2432 opponendaessot.

177 2471 211 2512 ac
240 2452 361 2532 propius
392 2449 516 2515 iamed
546 2449 700 2517 veritatem
727 2451 851 2518 accessit
879 2451 911 2518 h.
935 2450 1118 2518 Goldbacbcr
1149 2458 1181 2516 et
1211 2451 1323 2530 optima

178 2549 289 2616 llozioli
310 2549 399 2621 rerba
422 2547 591 2616 diiudicarit
605 2549 673 2631 eph.
696 2569 793 2636 gymn.
814 2551 913 2616 hustr.
937 2549 1017 2624 1873
1039 2567 1067 2631 p
1087 2548 1165 2624 7373
1185 2549 1323 2630 proxima

179 2668 249 2712 vero
272 2648 338 2712 Chr.
362 2647 578 2730 Lr'rtjobannus,
606 2649 692 2714 cuius
718 2649 805 2717 verba
828 2669 864 2716 ex
887 2657 942 2718 act.
967 2668 1025 2714 soc
1056 2648 1157 2730 philol.
1181 2647 1261 2730 Lipa.
1282 2645 1324 2714 111

177 2742 205 2829 p.
230 2747 303 2821 502,
326 2766 394 2811 cum
416 2745 546 2812 breviter
567 2749 639 2828 quid
662 2747 698 2810 de
720 2757 782 2813 tota
805 2748 979 2830 quaestione
1006 2747 1117 2826 cogitet
1144 2745 1324 2821 describant,

179 2845 354 2909 Germanice
381 2847 521 2910 reddam:
554 2866 623 2912 aum
648 2845 756 2914 colloco
788 2865 848 2916 cur
879 2847 951 2918 bocla
978 2848 1023 2912 do
1051 2849 1113 2914 ciue
1142 2844 1325 2928 deturbant,

178 2945 247 3020 does
279 2943 324 3006 die
356 2945 582 3027 tcobcchtocpea
614 2945 685 3010 uber
717 2947 760 3008 clio
793 2945 951 3013 sebredam
988 2947 1041 3012 aa
1081 2943 1325 3026 mucmmphoscu

178 3042 324 3108 dardahe
351 3054 482 3124 pstremo
514 3044 628 3112 werden
660 3049 772 3110 materen
810 3062 868 3110 coo
901 3045 992 3114 haec
1021 3043 1094 3111 cher
1132 3041 1175 3110 die
1213 3043 1325 3110 aare

178 3139 377 3224 tpadq'c'schec
408 3143 556 3224 schristec.
599 3161 689 3223 quau
717 3144 897 3214 ualentiam
932 3152 964 3213 ut
990 3152 1102 3214 mnam
1129 3141 1325 3223 stabilemque

179 3240 390 3320 pronuntiavit.
435 3242 601 3311 certissime
629 3261 699 3306 vero
732 3242 760 3306 id
795 3244 943 3310 sermonis
977 3243 1127 3309 diversum
1161 3260 1256 3324 genus
1290 3259 1326 3304 cx

181 3339 294 3404 diverso
316 3358 425 3420 genere
444 3359 547 3406 rerum
571 3349 761 3405 tractatarum
783 3341 1011 3421 intelligendum
1034 3350 1095 3407 est:
1123 3358 1232 3422 nempe
1262 3339 1326 3419 ipsc

183 3439 318 3518 Apuleius
341 3439 465 3515 studuit,
489 3448 523 3502 nt
544 3440 648 3506 vitarat
670 3439 701 3507 in
724 3441 872 3520 eleganter
892 3439 1058 3512 elaboratis,
1088 3459 1165 3520 quae
1194 3458 1255 3506 oon
1276 3441 1326 3506 iu·

184 3536 242 3600 vito
264 3537 450 3604 elaberentur
479 3538 511 3602 in
539 3539 628 3602 rebus
658 3539 818 3614 amatoriis,
847 3559 922 3619 quas
951 3539 1107 3620 voluptatis
1137 3558 1225 3606 causa
1254 3540 1326 3606 cirl-

181 3635 235 3702 bus
264 3639 405 3712 narravit.
450 3636 587 3718 sequitur
615 3647 723 3711 autem,
752 3636 781 3699 id
811 3637 890 3720 quod
916 3637 973 3703 hac
1002 3638 1217 3706 dissertationis
1243 3645 1328 3722 parte

179 3721 334 3815 probaturi
356 3754 483 3814 mamus,
506 3745 540 3799 ut
553 3735 594 3812 ¹in
617 3735 811 3802 emendandis
834 3735 940 3816 Apulei
962 3736 1078 3822 scriptis
1094 3755 1185 3802 novoe
1208 3738 1327 3816 regulae

179 3834 326 3902 urendae
349 3834 418 3906 siut,
442 3841 476 3902 ut
498 3834 567 3900 binc
589 3833 621 3899 iu
640 3843 715 3908 met.
740 3835 878 3917 proprius
901 3835 1170 3917 ususcumprimis
1186 3834 1327 3918 respicia-

179 3943 229 3994 tur
251 3932 288 3994 ab
310 3931 356 4006 iis,
389 3933 495 4013 quiin
519 3941 581 3995 arte
611 3932 711 3995 critica
740 3952 859 4013 operam
890 3935 1043 4008 collocant,
1076 3934 1156 3996 illinc
1188 3935 1327 4017 proprius

179 4031 363 4112 reliquorum
387 4033 576 4113 scriptorum.
696 4099 700 4108 ,
1164 4093 1167 4102 .
1197 4059 1200 4064 ·

249 4207 269 4268 ¹)
289 4206 330 4259 cui
347 4221 453 4276 proram
470 4206 616 4262 adsentitur
634 4204 704 4260 Arm.
722 4203 855 4272 Sauppiua¹
866 4212 937 4259 aaut.
955 4204 1027 4261 Goth.
1048 4203 1114 4268 laco
1131 4221 1155 4273 p.
1170 4206 1244 4262 1546.

249 4288 272 4352 ²)
290 4287 317 4338 in
344 4289 497 4339 contrariam
523 4288 579 4340 fero
610 4288 735 4339 rationem
766 4287 965 4340 llildebrandiua
996 4289 1109 4342 lectores
1136 4286 1330 4368 commonefecit

181 4369 306 4422 editionis
324 4368 397 4435 Lips.
415 4368 425 4420 l
443 4387 468 4438 p.
480 4369 577 4426 XXIV.

639 4511 853 4524 ψ-
