3324 5238
768 397 986 462 -28-

304 571 445 650 iungitur,
468 573 586 654 siquid
611 593 718 636 uorum
736 575 893 646 adseritur,
918 575 966 636 ubi
978 587 1129 654 praetereo
1144 576 1372 656 exspectaveris:
1398 575 1447 649 lll,

305 671 409 744 tata
432 673 780 735 autoramentum
807 675 894 735 aliam
921 693 986 736 meo
1014 673 1108 735 Fotide
1129 675 1225 736 malle.
1270 684 1337 736 tunc
1364 677 1449 736 ettam

304 771 379 832 icturi
401 775 469 833 meis
491 772 705 850 capitationibus
727 776 852 834 occurrit
873 793 924 845 ..ς
951 772 995 842 lv,
1020 773 1069 842 27,
1091 773 1126 831 17
1150 791 1219 834 nom
1238 782 1353 852 praeter
1375 773 1449 853 quod

304 869 424 930 diurnae
446 873 543 950 quietis
565 875 702 952 imaqines
722 870 816 950 salsae
835 871 1029 950 perhibentur,
1053 881 1120 933 tnnc
1134 876 1218 932 etiam
1233 882 1390 933 noctuaruae
1404 873 1449 930 oi-

304 973 395 1028 siones
418 972 576 1030 contrarios
598 980 713 1031 coeatur
727 988 934 1050 nonuunquam.
946 973 1149 1047 pronosticum
1175 970 1217 1040 Vl,
1242 969 1326 1042 4,13
1349 977 1448 1030 contro

305 1066 481 1128 oolrrutatom
508 1069 645 1130 Verteris.
662 1080 833 1148 praestare
854 1087 898 1130 mc
918 1069 1013 1148 pudor
1028 1085 1086 1128 aon
1101 1071 1185 1142 sinit,·
1207 1080 1275 1130 tunc
1298 1070 1382 1129 etiam
1404 1066 1449 1128 le-

303 1165 386 1244 pilus
402 1213 408 1226 .
425 1212 433 1227 .
448 1167 613 1247 prohibeam
630 1169 700 1242 llll,
717 1170 745 1242 5,
759 1167 798 1228 20
814 1180 841 1229 et
854 1185 906 1229 aas
921 1169 1032 1247 quidem
1050 1171 1144 1228 uincti
1153 1185 1261 1248 pavore
1277 1168 1406 1228 deterriti
1421 1209 1449 1225 ..

306 1273 374 1325 tunc
395 1270 479 1328 eliam
501 1271 620 1329 inermes
643 1277 724 1348 atque
747 1269 899 1329 immuniti.
945 1275 977 1327 ut
1004 1285 1072 1326 vero
1101 1265 1240 1346 Apuleius
1269 1267 1346 1326 hauc
1374 1282 1450 1325 con-

306 1365 489 1426 iunctionem
513 1365 543 1426 in
567 1366 722 1428 rhetoricis
745 1376 774 1428 et
797 1365 1008 1445 philosophicis
1031 1365 1149 1444 seriptis
1172 1364 1272 1426 vitavit
1296 1365 1333 1424 ita
1358 1380 1449 1423 uerno

306 1461 379 1522 alius
392 1461 565 1525 Latinorum
582 1473 747 1538 auctorum,
771 1465 822 1544 qui
837 1463 926 1525 uubis
950 1465 1011 1525 noti
1034 1471 1113 1535 suut,
1137 1482 1200 1524 eam
1224 1462 1382 1524 tradidisse
1406 1461 1451 1522 vi-

306 1560 401 1622 detur.

391 1678 457 1720 cum
481 1661 654 1740 pleonasmo
669 1661 773 1722 comici
795 1667 899 1740 poetae
916 1664 1006 1740 mapia
1021 1661 1195 1740 particulam
1213 1679 1279 1721 cum
1292 1658 1450 1722 adiectivc-

306 1775 372 1817 rum
395 1760 593 1839 comparativo
617 1769 859 1840 composuerunt.
901 1778 989 1838 quem
1011 1777 1125 1820 morem
1144 1759 1282 1838 equidem
1300 1775 1360 1819 non
1378 1767 1451 1839 puto

307 1876 322 1917 e
339 1858 446 1918 Graeca
462 1857 561 1936 liugua
574 1860 739 1937 proiectum
755 1878 820 1920 esse
833 1856 862 1938 1),
878 1867 912 1920 ιιι
923 1857 1151 1920 Demosthenem
1164 1854 1290 1938 μᾶλλον
1302 1852 1450 1941 φοβερώ-

306 1977 412 2036 τερον,
425 1956 651 2036 Aristophanem
664 1954 790 2039 μᾶλλον
802 1954 997 2038 ὀλβιώτερος
1009 1958 1164 2037 scripsisse
1179 1967 1285 2019 uotum
1299 1959 1385 2032 esti),
1400 1957 1452 2018 sed

308 2075 343 2117 ex
353 2055 461 2133 vulgari
474 2056 617 2118 latinitate
630 2057 849 2136 depromptum,
864 2057 973 2137 quippe
985 2058 1063 2136 quod
1077 2057 1185 2136 ubique
1197 2058 1300 2135 vulgus
1313 2057 1450 2117 notiones

307 2156 347 2214 ita
370 2156 521 2216 cumulare
543 2157 643 2217 soleat.
688 2157 783 2218 secuti
805 2175 875 2218 vero
897 2165 969 2218 sunt
984 2157 1113 2218 comicos
1128 2157 1307 2218 recentiores
1323 2155 1449 2232 scripto·

308 2273 355 2314 res
380 2254 523 2329 (Valerius
545 2255 698 2326 Maximus,
721 2256 881 2331 lustinus),
906 2257 983 2316 iuter
1005 2274 1056 2316 eos
1079 2254 1218 2334 Apuleius
1240 2254 1270 2313 iu
1287 2261 1448 2312 metamor-

309 2353 461 2430 phosibus.
507 2353 647 2414 traditum
672 2355 750 2415 enim
775 2363 821 2414 est
847 2353 895 2424 tx,
921 2352 1003 2426 36,9
1034 2373 1065 2415 eo
1092 2356 1182 2433 maqia
1210 2353 1378 2412 irritatiores
1403 2364 1447 2406 se-

309 2460 422 2512 cuntur.
473 2450 523 2521 xl,
549 2452 596 2521 to,
615 2451 651 2511 21
685 2471 756 2532 quae
784 2452 936 2514 videbatur
964 2455 1102 2532 aequitati
1129 2453 1218 2529 maqio
1244 2451 1338 2528 aptior
1364 2464 1450 2526 quam

309 2551 435 2612 deutera.
480 2549 647 2612 lluuschius
670 2552 687 2611 l.
712 2551 729 2610 l.
754 2569 782 2629 p.
806 2548 868 2608 279
891 2551 1017 2611 euudem
1043 2568 1131 2610 usum
1160 2548 1191 2609 iu
1219 2545 1349 2626 antiquis
1377 2543 1450 2606 diri·

309 2667 417 2709 uorum
448 2647 593 2709 librorum
621 2648 808 2710 versionibus
833 2648 957 2710 inveniri
992 2650 1185 2716 demonstrat,
1220 2654 1253 2704 ut
1274 2644 1323 2704 lllt.
1350 2642 1452 2714 tata

309 2756 415 2826 quauta
438 2752 528 2827 moqis
550 2749 650 2809 melior
671 2758 712 2809 est
732 2748 815 2810 lamo
838 2767 896 2821 ooe,
920 2767 954 2809 ac
969 2746 1102 2809 similiter
1113 2743 1180 2823 plau
1196 2741 1341 2821 occupari.
1375 2741 1452 2820 apud

309 2845 474 2906 Arnobium
497 2845 603 2926 legitur
624 2865 653 2928 p.
681 2844 782 2920 19,24
805 2858 832 2910 et
854 2850 914 2928 qais
935 2848 1026 2926 mopis
1055 2845 1159 2905 rectius
1185 2841 1288 2902 lorum
1309 2842 1386 2919 soret
1406 2843 1453 2900 ire·

310 2946 416 3006 vidium
438 2948 601 3020 nominum3
624 2965 652 3024 p.
678 2946 748 3019 165,
761 2946 801 3008 30
825 2946 859 3007 ab
882 2944 1042 3006 homiuibus
1064 2943 1153 3022 moqis
1175 2939 1262 3000 nullis
1284 2940 1454 3018 t'puomiuio-

310 3049 369 3105 sios
392 3060 438 3103 eos
460 3048 581 3104 tractari
607 3062 693 3123 quom
722 3045 853 3113 aeolia
883 3043 991 3122 quibus
1021 3041 1092 3105 locis
1120 3037 1389 3109 lleillerscheidius‚
1423 3043 1455 3096 ut

313 3141 382 3203 mihi
407 3140 531 3208 videtur,
562 3140 637 3200 ialso
660 3145 749 3218 inopis
776 3145 943 3219 propolim
966 3159 1051 3217 agere
1080 3141 1111 3200 in
1139 3138 1236 3200 iudice
1265 3134 1455 3216 grammatico

312 3241 487 3301 cantitetur:
510 3239 589 3316 quod
612 3237 732 3316 quitlem
757 3238 791 3298 ad
809 3237 929 3296 tertium
946 3238 1044 3297 locum
1066 3255 1096 3316 p.
1121 3235 1172 3307 39,
1187 3237 1224 3295 10
1240 3236 1302 3294 aide
1316 3252 1352 3294 ne
1366 3235 1457 3312 mopis

311 3340 378 3401 haec
400 3340 506 3417 sortior
529 3355 616 3399 caroso
637 3341 672 3398 sit
694 3344 774 3396 recte
798 3336 932 3414 quadrat.

398 3447 488 3516 atquc
503 3438 574 3498 item
589 3435 771 3518 perquam³)‚
794 3434 975 3497 comicorum
993 3431 1178 3501 vocabulum,
1199 3447 1377 3510 quamquam
1396 3428 1458 3489 eius

312 3537 355 3596 vis
378 3535 518 3596 abhorret
541 3535 577 3595 ab
594 3555 626 3596 ea
645 3535 877 3607 constructione,
900 3533 932 3594 iu
956 3528 1245 3610 ructamorphosibus
1269 3547 1337 3589 curu
1353 3545 1457 3606 super-

312 3635 400 3695 lativo
424 3633 578 3694 coniunxit
600 3634 634 3705 11,
659 3635 687 3704 7,
703 3633 742 3694 27
767 3634 842 3712 qood
863 3633 981 3694 auribus
1003 3634 1061 3692 iam
1082 3628 1147 3690 inde
1167 3627 1315 3689 oriolabar
1337 3635 1458 3687 tricolum

310 3749 451 3812 perquam
480 3734 697 3813 sapidissimum,
732 3732 816 3792 cuius
851 3749 944 3792 uuum
977 3729 1104 3790 similem
1139 3728 1237 3788 locum
1265 3723 1459 3786 Foruelliuius

314 3832 383 3891 citat
417 3849 452 3890 eu
481 3831 570 3892 iuscr.
594 3830 670 3909 apud
698 3829 891 3891 llluratorium
920 3849 947 3908 p.
972 3827 1044 3897 953,
1062 3827 1080 3886 2
1100 3834 1233 3908 parentes
1252 3840 1391 3904 perquam
1413 3825 1458 3883 ia·

313 3929 478 4009 felicissimi.
525 3930 575 3992 sed
610 3928 665 3990 alio
695 3930 784 3990 modo
811 3928 973 4007 particulae
1008 3926 1090 3988 nitio
1126 3921 1303 3986 cumulatius
1336 3929 1459 3999 augetur

314 4027 414 4088 addito
439 4027 578 4090 adverbio
601 4045 670 4088 eane
700 4029 745 4088 vel
771 4027 881 4108 oppido,
909 4026 994 4088 cuius
1024 4043 1098 4088 usus
1125 4021 1257 4101 exempla
1287 4017 1462 4096 lleblingius

315 4125 541 4205 programmatis
565 4126 704 4188 Kilieusis
727 4145 753 4187 a.
781 4123 861 4187 1873
884 4125 955 4186 editi
977 4144 1004 4205 p.
1025 4125 1062 4185 17
1086 4123 1171 4194 eruit,
1195 4139 1253 4200 quo
1270 4116 1366 4199 qualis
1381 4123 1459 4178 esset

316 4231 527 4238 —aae--n

383 4276 404 4343 ¹)
422 4283 451 4327 ut
470 4277 567 4328 llandio
586 4276 690 4330 videtur
709 4279 725 4328 l.
745 4277 762 4328 l.
782 4275 814 4327 lll
833 4277 891 4327 574.

383 4359 402 4420 ⁹)
422 4356 453 4408 ei.
473 4357 600 4425 lirucgcri
618 4375 720 4424 gramm.
740 4359 831 4409 Gracc.
851 4357 867 4424 ᾖ
886 4358 927 4421 49,
941 4359 964 4421 7,
979 4361 1001 4408 5.

382 4436 762 4506 tammnmm
