<?xml version="1.0" encoding="UTF-8"?>
<!DOCTYPE html PUBLIC "-//W3C//DTD XHTML 1.0 Transitional//EN"
    "http://www.w3.org/TR/xhtml1/DTD/xhtml1-transitional.dtd">
<html xmlns="http://www.w3.org/1999/xhtml" xml:lang="en" lang="en">
 <head>
  <title>
</title>
<meta http-equiv="Content-Type" content="text/html;charset=utf-8" />
  <meta name='ocr-system' content='tesseract 3.04.00' />
  <meta name='ocr-capabilities' content='ocr_page ocr_carea ocr_par ocr_line ocrx_word'/>
</head>
<body>
  <div class='ocr_page' id='page_1' title='image "./studiaapuleiana01beckgoog_0012.png"; bbox 0 0 3324 5238; ppageno 0'>
   <div class='ocr_carea' id='block_1_1' title="bbox 733 1319 755 1380">
    <p class='ocr_par' dir='ltr' id='par_1_1' title="bbox 733 1319 755 1380">
     <span class='ocr_line' id='line_1_1' title="bbox 733 1319 755 1380; baseline 0.045 -1"><span class='ocrx_word' id='word_1_1' title='bbox 733 1319 755 1380; x_wconf 90' lang='lat' dir='ltr'><strong>l.</strong></span> 
     </span>
    </p>
   </div>
   <div class='ocr_carea' id='block_1_2' title="bbox 174 1433 1313 1710">
    <p class='ocr_par' dir='ltr' id='par_1_2' title="bbox 174 1433 1313 1710">
     <span class='ocr_line' id='line_1_2' title="bbox 175 1433 1313 1528; baseline -0.005 -19"><span class='ocrx_word' id='word_1_2' title='bbox 175 1441 208 1512; x_wconf 90' lang='lat' dir='ltr'><strong>h.</strong></span> <span class='ocrx_word' id='word_1_3' title='bbox 227 1437 395 1528; x_wconf 81' lang='lat' dir='ltr'><strong>Apuleium</strong></span> <span class='ocrx_word' id='word_1_4' title='bbox 411 1436 653 1505; x_wconf 80' lang='lat' dir='ltr'><strong>Madaurensem</strong></span> <span class='ocrx_word' id='word_1_5' title='bbox 670 1435 796 1502; x_wconf 87' lang='lat' dir='ltr'><strong>diverso</strong></span> <span class='ocrx_word' id='word_1_6' title='bbox 812 1433 846 1501; x_wconf 93' lang='lat' dir='ltr'><strong>in</strong></span> <span class='ocrx_word' id='word_1_7' title='bbox 862 1433 1169 1522; x_wconf 87' lang='lat' dir='ltr'><strong>metamorphosihns</strong></span> <span class='ocrx_word' id='word_1_8' title='bbox 1185 1435 1313 1504; x_wconf 90' lang='lat' dir='ltr'><strong>diverso</strong></span> 
     </span>
     <span class='ocr_line' id='line_1_3' title="bbox 174 1538 1313 1627; baseline -0.004 -17"><span class='ocrx_word' id='word_1_9' title='bbox 174 1545 208 1612; x_wconf 94' lang='lat' dir='ltr'><strong>in</strong></span> <span class='ocrx_word' id='word_1_10' title='bbox 237 1542 353 1610; x_wconf 90' lang='lat' dir='ltr'><strong>ceteris</strong></span> <span class='ocrx_word' id='word_1_11' title='bbox 386 1539 515 1627; x_wconf 89' lang='lat' dir='ltr'><strong>scriptis</strong></span> <span class='ocrx_word' id='word_1_12' title='bbox 543 1539 669 1606; x_wconf 89' lang='lat' dir='ltr'><strong>dicendi</strong></span> <span class='ocrx_word' id='word_1_13' title='bbox 698 1539 812 1626; x_wconf 84' lang='lat' dir='ltr'><strong>generi</strong></span> <span class='ocrx_word' id='word_1_14' title='bbox 846 1539 949 1626; x_wconf 89' lang='lat' dir='ltr'><strong>ipsum</strong></span> <span class='ocrx_word' id='word_1_15' title='bbox 985 1538 1147 1606; x_wconf 74' lang='lat' dir='ltr'>studuisse</span> <span class='ocrx_word' id='word_1_16' title='bbox 1174 1539 1313 1627; x_wconf 87' lang='lat' dir='ltr'><strong>particu-</strong></span> 
     </span>
     <span class='ocr_line' id='line_1_4' title="bbox 458 1641 1022 1710; baseline -0.004 -1"><span class='ocrx_word' id='word_1_17' title='bbox 458 1641 565 1709; x_wconf 88' lang='lat' dir='ltr'><strong>larum</strong></span> <span class='ocrx_word' id='word_1_18' title='bbox 588 1641 715 1710; x_wconf 86' lang='lat' dir='ltr'><strong>diuerso</strong></span> <span class='ocrx_word' id='word_1_19' title='bbox 738 1661 799 1710; x_wconf 91' lang='lat' dir='ltr'><strong>usu</strong></span> <span class='ocrx_word' id='word_1_20' title='bbox 822 1641 1022 1709; x_wconf 83' lang='lat' dir='ltr'><strong>illustretur.</strong></span> 
     </span>
    </p>
   </div>
   <div class='ocr_carea' id='block_1_3' title="bbox 172 1773 1318 4355">
    <p class='ocr_par' dir='ltr' id='par_1_3' title="bbox 172 1773 1318 4355">
     <span class='ocr_line' id='line_1_5' title="bbox 174 1773 1315 1879; baseline -0.004 -13"><span class='ocrx_word' id='word_1_21' title='bbox 174 1773 246 1866; x_wconf 85' lang='lat' dir='ltr'><strong>Duo</strong></span> <span class='ocrx_word' id='word_1_22' title='bbox 269 1799 340 1860; x_wconf 90' lang='lat' dir='ltr'><strong>anui</strong></span> <span class='ocrx_word' id='word_1_23' title='bbox 362 1805 483 1862; x_wconf 91' lang='lat' dir='ltr'><strong>suntet</strong></span> <span class='ocrx_word' id='word_1_24' title='bbox 508 1797 658 1878; x_wconf 87' lang='lat' dir='ltr'><strong>aliquanto</strong></span> <span class='ocrx_word' id='word_1_25' title='bbox 685 1800 764 1879; x_wconf 83' lang='lat' dir='ltr'><strong>plus,</strong></span> <span class='ocrx_word' id='word_1_26' title='bbox 799 1817 834 1861; x_wconf 84' lang='lat' dir='ltr'><strong>ex</strong></span> <span class='ocrx_word' id='word_1_27' title='bbox 863 1815 922 1878; x_wconf 89' lang='lat' dir='ltr'><strong>quo</strong></span> <span class='ocrx_word' id='word_1_28' title='bbox 953 1815 1073 1877; x_wconf 86' lang='lat' dir='ltr'><strong>operam</strong></span> <span class='ocrx_word' id='word_1_29' title='bbox 1102 1798 1204 1878; x_wconf 79' lang='lat' dir='ltr'><strong>Apulei</strong></span> <span class='ocrx_word' id='word_1_30' title='bbox 1232 1797 1315 1862; x_wconf 88' lang='lat' dir='ltr'><strong>libris</strong></span> 
     </span>
     <span class='ocr_line' id='line_1_6' title="bbox 176 1895 1313 1976; baseline 0.001 -17"><span class='ocrx_word' id='word_1_31' title='bbox 176 1915 282 1962; x_wconf 83' lang='lat' dir='ltr'><strong>narare</strong></span> <span class='ocrx_word' id='word_1_32' title='bbox 304 1897 408 1975; x_wconf 90' lang='lat' dir='ltr'><strong>incepi.</strong></span> <span class='ocrx_word' id='word_1_33' title='bbox 435 1913 517 1958; x_wconf 88' lang='lat' dir='ltr'><strong>nunc</strong></span> <span class='ocrx_word' id='word_1_34' title='bbox 540 1915 615 1975; x_wconf 89' lang='lat' dir='ltr'><strong>quae</strong></span> <span class='ocrx_word' id='word_1_35' title='bbox 639 1915 693 1976; x_wconf 92' lang='lat' dir='ltr'><strong>per</strong></span> <span class='ocrx_word' id='word_1_36' title='bbox 718 1897 749 1960; x_wconf 93' lang='lat' dir='ltr'><strong>id</strong></span> <span class='ocrx_word' id='word_1_37' title='bbox 779 1905 897 1976; x_wconf 90' lang='lat' dir='ltr'><strong>tempus</strong></span> <span class='ocrx_word' id='word_1_38' title='bbox 923 1895 1033 1975; x_wconf 87' lang='lat' dir='ltr'><strong>passim</strong></span> <span class='ocrx_word' id='word_1_39' title='bbox 1060 1896 1206 1960; x_wconf 85' lang='lat' dir='ltr'><strong>elaborata</strong></span> <span class='ocrx_word' id='word_1_40' title='bbox 1235 1905 1313 1968; x_wconf 87' lang='lat' dir='ltr'><strong>sunt,</strong></span> 
     </span>
     <span class='ocr_line' id='line_1_7' title="bbox 176 1994 1315 2074; baseline -0.002 -16"><span class='ocrx_word' id='word_1_41' title='bbox 176 1994 266 2058; x_wconf 83' lang='lat' dir='ltr'><strong>mixta</strong></span> <span class='ocrx_word' id='word_1_42' title='bbox 289 1994 367 2056; x_wconf 90' lang='lat' dir='ltr'><strong>inter</strong></span> <span class='ocrx_word' id='word_1_43' title='bbox 389 2012 421 2054; x_wconf 88' lang='lat' dir='ltr'><strong>se</strong></span> <span class='ocrx_word' id='word_1_44' title='bbox 443 2000 473 2052; x_wconf 90' lang='lat' dir='ltr'><strong>et</strong></span> <span class='ocrx_word' id='word_1_45' title='bbox 494 2001 656 2072; x_wconf 87' lang='lat' dir='ltr'><strong>temperata</strong></span> <span class='ocrx_word' id='word_1_46' title='bbox 677 1994 709 2056; x_wconf 90' lang='lat' dir='ltr'><strong>in</strong></span> <span class='ocrx_word' id='word_1_47' title='bbox 731 2013 824 2056; x_wconf 90' lang='lat' dir='ltr'><strong>unum</strong></span> <span class='ocrx_word' id='word_1_48' title='bbox 852 1994 1029 2056; x_wconf 80' lang='lat' dir='ltr'><strong>collecturus</strong></span> <span class='ocrx_word' id='word_1_49' title='bbox 1062 2003 1093 2057; x_wconf 88' lang='lat' dir='ltr'><strong>et</strong></span> <span class='ocrx_word' id='word_1_50' title='bbox 1122 1995 1257 2074; x_wconf 86' lang='lat' dir='ltr'><strong>pluribus</strong></span> <span class='ocrx_word' id='word_1_51' title='bbox 1279 1996 1315 2058; x_wconf 85' lang='lat' dir='ltr'><strong>od</strong></span> 
     </span>
     <span class='ocr_line' id='line_1_8' title="bbox 176 2090 1313 2174; baseline -0.002 -18"><span class='ocrx_word' id='word_1_52' title='bbox 176 2093 333 2174; x_wconf 83' lang='lat' dir='ltr'><strong>legendum</strong></span> <span class='ocrx_word' id='word_1_53' title='bbox 367 2091 527 2156; x_wconf 75' lang='lat' dir='ltr'><strong>traditurus</strong></span> <span class='ocrx_word' id='word_1_54' title='bbox 565 2109 646 2162; x_wconf 89' lang='lat' dir='ltr'><strong>snm,</strong></span> <span class='ocrx_word' id='word_1_55' title='bbox 686 2091 769 2172; x_wconf 90' lang='lat' dir='ltr'><strong>quasi</strong></span> <span class='ocrx_word' id='word_1_56' title='bbox 808 2108 871 2154; x_wconf 92' lang='lat' dir='ltr'><strong>non</strong></span> <span class='ocrx_word' id='word_1_57' title='bbox 907 2090 1019 2153; x_wconf 86' lang='lat' dir='ltr'><strong>inutilia</strong></span> <span class='ocrx_word' id='word_1_58' title='bbox 1058 2091 1117 2154; x_wconf 89' lang='lat' dir='ltr'><strong>sint</strong></span> <span class='ocrx_word' id='word_1_59' title='bbox 1149 2093 1313 2172; x_wconf 80' lang='lat' dir='ltr'><strong>philologis.</strong></span> 
     </span>
     <span class='ocr_line' id='line_1_9' title="bbox 173 2190 1315 2275; baseline -0.003 -18"><span class='ocrx_word' id='word_1_60' title='bbox 173 2201 261 2275; x_wconf 91' lang='lat' dir='ltr'><strong>atque</strong></span> <span class='ocrx_word' id='word_1_61' title='bbox 283 2193 315 2256; x_wconf 92' lang='lat' dir='ltr'><strong>in</strong></span> <span class='ocrx_word' id='word_1_62' title='bbox 337 2210 402 2256; x_wconf 88' lang='lat' dir='ltr'><strong>eam</strong></span> <span class='ocrx_word' id='word_1_63' title='bbox 424 2194 552 2255; x_wconf 81' lang='lat' dir='ltr'><strong>formam</strong></span> <span class='ocrx_word' id='word_1_64' title='bbox 575 2197 667 2254; x_wconf 88' lang='lat' dir='ltr'><strong>totam</strong></span> <span class='ocrx_word' id='word_1_65' title='bbox 700 2190 852 2254; x_wconf 75' lang='lat' dir='ltr'><strong>materiam</strong></span> <span class='ocrx_word' id='word_1_66' title='bbox 873 2190 1028 2254; x_wconf 80' lang='lat' dir='ltr'><strong>includere</strong></span> <span class='ocrx_word' id='word_1_67' title='bbox 1055 2191 1258 2263; x_wconf 85' lang='lat' dir='ltr'><strong>instituimus,</strong></span> <span class='ocrx_word' id='word_1_68' title='bbox 1281 2199 1315 2256; x_wconf 90' lang='lat' dir='ltr'><strong>ut</strong></span> 
     </span>
     <span class='ocr_line' id='line_1_10' title="bbox 173 2289 1314 2375; baseline -0.002 -17"><span class='ocrx_word' id='word_1_69' title='bbox 173 2293 256 2375; x_wconf 89' lang='lat' dir='ltr'><strong>prius</strong></span> <span class='ocrx_word' id='word_1_70' title='bbox 282 2292 320 2354; x_wconf 91' lang='lat' dir='ltr'><strong>de</strong></span> <span class='ocrx_word' id='word_1_71' title='bbox 345 2289 548 2356; x_wconf 86' lang='lat' dir='ltr'><strong>Madaurensis</strong></span> <span class='ocrx_word' id='word_1_72' title='bbox 584 2289 700 2352; x_wconf 90' lang='lat' dir='ltr'><strong>diverso</strong></span> <span class='ocrx_word' id='word_1_73' title='bbox 735 2307 874 2352; x_wconf 89' lang='lat' dir='ltr'><strong>sermons</strong></span> <span class='ocrx_word' id='word_1_74' title='bbox 906 2290 1085 2354; x_wconf 83' lang='lat' dir='ltr'><strong>sententiam</strong></span> <span class='ocrx_word' id='word_1_75' title='bbox 1118 2295 1314 2372; x_wconf 83' lang='lat' dir='ltr'><strong>proteramus,</strong></span> 
     </span>
     <span class='ocr_line' id='line_1_11' title="bbox 173 2388 1313 2472; baseline 0.001 -19"><span class='ocrx_word' id='word_1_76' title='bbox 173 2393 243 2459; x_wconf 86' lang='lat' dir='ltr'><strong>dein</strong></span> <span class='ocrx_word' id='word_1_77' title='bbox 266 2392 301 2453; x_wconf 92' lang='lat' dir='ltr'><strong>de</strong></span> <span class='ocrx_word' id='word_1_78' title='bbox 323 2389 397 2452; x_wconf 92' lang='lat' dir='ltr'><strong>lihro</strong></span> <span class='ocrx_word' id='word_1_79' title='bbox 421 2390 473 2470; x_wconf 92' lang='lat' dir='ltr'><strong>qui</strong></span> <span class='ocrx_word' id='word_1_80' title='bbox 498 2396 543 2452; x_wconf 89' lang='lat' dir='ltr'><strong>est</strong></span> <span class='ocrx_word' id='word_1_81' title='bbox 576 2389 613 2451; x_wconf 94' lang='lat' dir='ltr'><strong>de</strong></span> <span class='ocrx_word' id='word_1_82' title='bbox 646 2388 758 2452; x_wconf 89' lang='lat' dir='ltr'><strong>mundo</strong></span> <span class='ocrx_word' id='word_1_83' title='bbox 791 2389 933 2452; x_wconf 89' lang='lat' dir='ltr'><strong>iudicium</strong></span> <span class='ocrx_word' id='word_1_84' title='bbox 966 2397 1105 2454; x_wconf 90' lang='lat' dir='ltr'><strong>nostrum</strong></span> <span class='ocrx_word' id='word_1_85' title='bbox 1137 2391 1313 2472; x_wconf 88' lang='lat' dir='ltr'><strong>aperiamus.</strong></span> 
     </span>
     <span class='ocr_line' id='line_1_12' title="bbox 174 2487 1315 2569; baseline 0 -15"><span class='ocrx_word' id='word_1_86' title='bbox 174 2511 223 2554; x_wconf 91' lang='lat' dir='ltr'><strong>eas</strong></span> <span class='ocrx_word' id='word_1_87' title='bbox 245 2508 314 2552; x_wconf 89' lang='lat' dir='ltr'><strong>vero</strong></span> <span class='ocrx_word' id='word_1_88' title='bbox 330 2489 496 2552; x_wconf 89' lang='lat' dir='ltr'><strong>studiorum</strong></span> <span class='ocrx_word' id='word_1_89' title='bbox 519 2487 665 2568; x_wconf 87' lang='lat' dir='ltr'><strong>primitias</strong></span> <span class='ocrx_word' id='word_1_90' title='bbox 689 2487 783 2552; x_wconf 87' lang='lat' dir='ltr'><strong>doctis</strong></span> <span class='ocrx_word' id='word_1_91' title='bbox 812 2488 880 2550; x_wconf 87' lang='lat' dir='ltr'><strong>viris</strong></span> <span class='ocrx_word' id='word_1_92' title='bbox 904 2495 934 2552; x_wconf 89' lang='lat' dir='ltr'><strong>et</strong></span> <span class='ocrx_word' id='word_1_93' title='bbox 955 2489 1154 2569; x_wconf 83' lang='lat' dir='ltr'><strong>prudentibus</strong></span> <span class='ocrx_word' id='word_1_94' title='bbox 1180 2490 1315 2556; x_wconf 86' lang='lat' dir='ltr'><strong>subicere</strong></span> 
     </span>
     <span class='ocr_line' id='line_1_13' title="bbox 174 2586 1316 2669; baseline 0 -15"><span class='ocrx_word' id='word_1_95' title='bbox 174 2590 238 2656; x_wconf 78' lang='lat' dir='ltr'><strong>ausi</strong></span> <span class='ocrx_word' id='word_1_96' title='bbox 262 2607 376 2663; x_wconf 87' lang='lat' dir='ltr'><strong>snmus,</strong></span> <span class='ocrx_word' id='word_1_97' title='bbox 399 2588 467 2668; x_wconf 85' lang='lat' dir='ltr'><strong>quia</strong></span> <span class='ocrx_word' id='word_1_98' title='bbox 488 2587 558 2650; x_wconf 91' lang='lat' dir='ltr'><strong>novi</strong></span> <span class='ocrx_word' id='word_1_99' title='bbox 580 2586 690 2667; x_wconf 89' lang='lat' dir='ltr'><strong>aliquid</strong></span> <span class='ocrx_word' id='word_1_100' title='bbox 711 2587 809 2650; x_wconf 87' lang='lat' dir='ltr'><strong>inesse</strong></span> <span class='ocrx_word' id='word_1_101' title='bbox 833 2587 1027 2666; x_wconf 75' lang='lat' dir='ltr'><strong>speravimus</strong></span> <span class='ocrx_word' id='word_1_102' title='bbox 1051 2589 1130 2669; x_wconf 92' lang='lat' dir='ltr'><strong>quod</strong></span> <span class='ocrx_word' id='word_1_103' title='bbox 1151 2589 1176 2652; x_wconf 88' lang='lat' dir='ltr'><strong>si</strong></span> <span class='ocrx_word' id='word_1_104' title='bbox 1197 2590 1316 2654; x_wconf 88' lang='lat' dir='ltr'><strong>laudem</strong></span> 
     </span>
     <span class='ocr_line' id='line_1_14' title="bbox 172 2685 1316 2771; baseline 0 -19"><span class='ocrx_word' id='word_1_105' title='bbox 172 2709 235 2754; x_wconf 91' lang='lat' dir='ltr'><strong>non</strong></span> <span class='ocrx_word' id='word_1_106' title='bbox 247 2695 489 2769; x_wconf 85' lang='lat' dir='ltr'><strong>consequeretur,</strong></span> <span class='ocrx_word' id='word_1_107' title='bbox 502 2696 603 2750; x_wconf 89' lang='lat' dir='ltr'><strong>tamen</strong></span> <span class='ocrx_word' id='word_1_108' title='bbox 615 2685 879 2766; x_wconf 83' lang='lat' dir='ltr'><strong>reprehensionem</strong></span> <span class='ocrx_word' id='word_1_109' title='bbox 892 2700 953 2750; x_wconf 90' lang='lat' dir='ltr'><strong>non</strong></span> <span class='ocrx_word' id='word_1_110' title='bbox 964 2696 1123 2752; x_wconf 82' lang='lat' dir='ltr'><strong>vereretur.</strong></span> <span class='ocrx_word' id='word_1_111' title='bbox 1146 2689 1316 2771; x_wconf 89' lang='lat' dir='ltr'><strong>quicunque</strong></span> 
     </span>
     <span class='ocr_line' id='line_1_15' title="bbox 175 2782 1315 2868; baseline 0 -16"><span class='ocrx_word' id='word_1_112' title='bbox 175 2789 255 2852; x_wconf 89' lang='lat' dir='ltr'><strong>enim</strong></span> <span class='ocrx_word' id='word_1_113' title='bbox 278 2788 313 2849; x_wconf 90' lang='lat' dir='ltr'><strong>de</strong></span> <span class='ocrx_word' id='word_1_114' title='bbox 334 2786 489 2868; x_wconf 74' lang='lat' dir='ltr'><strong>Apuleiani</strong></span> <span class='ocrx_word' id='word_1_115' title='bbox 511 2782 656 2850; x_wconf 90' lang='lat' dir='ltr'><strong>sermonis</strong></span> <span class='ocrx_word' id='word_1_116' title='bbox 678 2802 784 2865; x_wconf 78' lang='lat' dir='ltr'><strong>genere</strong></span> <span class='ocrx_word' id='word_1_117' title='bbox 805 2786 1003 2866; x_wconf 86' lang='lat' dir='ltr'><strong>scripserunt,</strong></span> <span class='ocrx_word' id='word_1_118' title='bbox 1031 2807 1135 2850; x_wconf 90' lang='lat' dir='ltr'><strong>eorum</strong></span> <span class='ocrx_word' id='word_1_119' title='bbox 1164 2805 1254 2852; x_wconf 91' lang='lat' dir='ltr'><strong>nemo</strong></span> <span class='ocrx_word' id='word_1_120' title='bbox 1277 2790 1315 2852; x_wconf 91' lang='lat' dir='ltr'><strong>dc</strong></span> 
     </span>
     <span class='ocr_line' id='line_1_16' title="bbox 176 2885 1315 2966; baseline -0.003 -13"><span class='ocrx_word' id='word_1_121' title='bbox 176 2886 327 2952; x_wconf 88' lang='lat' dir='ltr'><strong>scribendi</strong></span> <span class='ocrx_word' id='word_1_122' title='bbox 350 2885 462 2948; x_wconf 87' lang='lat' dir='ltr'><strong>diversa</strong></span> <span class='ocrx_word' id='word_1_123' title='bbox 484 2885 600 2948; x_wconf 85' lang='lat' dir='ltr'><strong>ratione</strong></span> <span class='ocrx_word' id='word_1_124' title='bbox 622 2885 788 2948; x_wconf 87' lang='lat' dir='ltr'><strong>accuratius</strong></span> <span class='ocrx_word' id='word_1_125' title='bbox 811 2885 958 2948; x_wconf 87' lang='lat' dir='ltr'><strong>disseruit</strong></span> <span class='ocrx_word' id='word_1_126' title='bbox 1004 2895 1034 2948; x_wconf 87' lang='lat' dir='ltr'><strong>at</strong></span> <span class='ocrx_word' id='word_1_127' title='bbox 1056 2885 1195 2966; x_wconf 83' lang='lat' dir='ltr'><strong>Apuleius</strong></span> <span class='ocrx_word' id='word_1_128' title='bbox 1223 2894 1256 2949; x_wconf 89' lang='lat' dir='ltr'><strong>ut</strong></span> <span class='ocrx_word' id='word_1_129' title='bbox 1282 2888 1315 2950; x_wconf 91' lang='lat' dir='ltr'><strong>in</strong></span> 
     </span>
     <span class='ocr_line' id='line_1_17' title="bbox 176 2983 1315 3066; baseline -0.004 -14"><span class='ocrx_word' id='word_1_130' title='bbox 176 2984 467 3066; x_wconf 87' lang='lat' dir='ltr'><strong>metamorphosibus</strong></span> <span class='ocrx_word' id='word_1_131' title='bbox 495 2983 604 3046; x_wconf 89' lang='lat' dir='ltr'><strong>saeculi</strong></span> <span class='ocrx_word' id='word_1_132' title='bbox 631 3001 732 3046; x_wconf 89' lang='lat' dir='ltr'><strong>mores</strong></span> <span class='ocrx_word' id='word_1_133' title='bbox 755 2983 886 3048; x_wconf 89' lang='lat' dir='ltr'><strong>omnium</strong></span> <span class='ocrx_word' id='word_1_134' title='bbox 918 2984 1056 3048; x_wconf 89' lang='lat' dir='ltr'><strong>ordinum</strong></span> <span class='ocrx_word' id='word_1_135' title='bbox 1079 2985 1241 3066; x_wconf 89' lang='lat' dir='ltr'><strong>respiciens</strong></span> <span class='ocrx_word' id='word_1_136' title='bbox 1263 2986 1315 3048; x_wconf 89' lang='lat' dir='ltr'><strong>de-</strong></span> 
     </span>
     <span class='ocr_line' id='line_1_18' title="bbox 173 3081 1314 3168; baseline 0 -20"><span class='ocrx_word' id='word_1_137' title='bbox 173 3088 359 3168; x_wconf 83' lang='lat' dir='ltr'><strong>pingensque</strong></span> <span class='ocrx_word' id='word_1_138' title='bbox 388 3081 468 3160; x_wconf 80' lang='lat' dir='ltr'><strong>vulgi</strong></span> <span class='ocrx_word' id='word_1_139' title='bbox 498 3081 643 3144; x_wconf 86' lang='lat' dir='ltr'><strong>cotidiano</strong></span> <span class='ocrx_word' id='word_1_140' title='bbox 675 3099 813 3144; x_wconf 89' lang='lat' dir='ltr'><strong>sermone</strong></span> <span class='ocrx_word' id='word_1_141' title='bbox 840 3082 931 3147; x_wconf 88' lang='lat' dir='ltr'><strong>hhere</strong></span> <span class='ocrx_word' id='word_1_142' title='bbox 959 3101 994 3146; x_wconf 85' lang='lat' dir='ltr'><strong>ac</strong></span> <span class='ocrx_word' id='word_1_143' title='bbox 1023 3084 1089 3146; x_wconf 83' lang='lat' dir='ltr'><strong>fuse</strong></span> <span class='ocrx_word' id='word_1_144' title='bbox 1115 3084 1232 3148; x_wconf 88' lang='lat' dir='ltr'><strong>videtur</strong></span> <span class='ocrx_word' id='word_1_145' title='bbox 1260 3086 1314 3160; x_wconf 86' lang='lat' dir='ltr'><strong>uti,</strong></span> 
     </span>
     <span class='ocr_line' id='line_1_19' title="bbox 176 3179 1316 3264; baseline 0.002 -18"><span class='ocrx_word' id='word_1_146' title='bbox 176 3185 216 3246; x_wconf 92' lang='lat' dir='ltr'><strong>ita</strong></span> <span class='ocrx_word' id='word_1_147' title='bbox 248 3182 281 3244; x_wconf 91' lang='lat' dir='ltr'><strong>in</strong></span> <span class='ocrx_word' id='word_1_148' title='bbox 309 3180 441 3262; x_wconf 85' lang='lat' dir='ltr'><strong>apologia</strong></span> <span class='ocrx_word' id='word_1_149' title='bbox 470 3179 582 3242; x_wconf 84' lang='lat' dir='ltr'><strong>doridis</strong></span> <span class='ocrx_word' id='word_1_150' title='bbox 611 3179 749 3244; x_wconf 91' lang='lat' dir='ltr'><strong>inlibris</strong></span> <span class='ocrx_word' id='word_1_151' title='bbox 778 3183 830 3263; x_wconf 93' lang='lat' dir='ltr'><strong>qui</strong></span> <span class='ocrx_word' id='word_1_152' title='bbox 856 3183 894 3246; x_wconf 88' lang='lat' dir='ltr'><strong>ad</strong></span> <span class='ocrx_word' id='word_1_153' title='bbox 922 3182 1139 3263; x_wconf 90' lang='lat' dir='ltr'><strong>philosophiam</strong></span> <span class='ocrx_word' id='word_1_154' title='bbox 1165 3185 1316 3264; x_wconf 87' lang='lat' dir='ltr'><strong>pertinent</strong></span> 
     </span>
     <span class='ocr_line' id='line_1_20' title="bbox 176 3279 1312 3362; baseline 0 -16"><span class='ocrx_word' id='word_1_155' title='bbox 176 3281 339 3346; x_wconf 87' lang='lat' dir='ltr'><strong>orationem</strong></span> <span class='ocrx_word' id='word_1_156' title='bbox 367 3279 488 3362; x_wconf 83' lang='lat' dir='ltr'><strong>pohtnm</strong></span> <span class='ocrx_word' id='word_1_157' title='bbox 518 3299 552 3344; x_wconf 89' lang='lat' dir='ltr'><strong>ac</strong></span> <span class='ocrx_word' id='word_1_158' title='bbox 574 3279 690 3360; x_wconf 83' lang='lat' dir='ltr'><strong>saepius</strong></span> <span class='ocrx_word' id='word_1_159' title='bbox 713 3299 747 3342; x_wconf 84' lang='lat' dir='ltr'><strong>ex</strong></span> <span class='ocrx_word' id='word_1_160' title='bbox 770 3280 922 3344; x_wconf 89' lang='lat' dir='ltr'><strong>rhetorum</strong></span> <span class='ocrx_word' id='word_1_161' title='bbox 945 3282 1053 3361; x_wconf 75' lang='lat' dir='ltr'><strong>regulis</strong></span> <span class='ocrx_word' id='word_1_162' title='bbox 1076 3281 1208 3346; x_wconf 87' lang='lat' dir='ltr'><strong>limatam</strong></span> <span class='ocrx_word' id='word_1_163' title='bbox 1231 3301 1312 3346; x_wconf 88' lang='lat' dir='ltr'><strong>com-</strong></span> 
     </span>
     <span class='ocr_line' id='line_1_21' title="bbox 175 3379 1314 3461; baseline 0.001 -17"><span class='ocrx_word' id='word_1_164' title='bbox 175 3381 303 3444; x_wconf 87' lang='lat' dir='ltr'><strong>mendat.</strong></span> <span class='ocrx_word' id='word_1_165' title='bbox 348 3380 428 3460; x_wconf 93' lang='lat' dir='ltr'><strong>quod</strong></span> <span class='ocrx_word' id='word_1_166' title='bbox 451 3379 600 3442; x_wconf 90' lang='lat' dir='ltr'><strong>diversum</strong></span> <span class='ocrx_word' id='word_1_167' title='bbox 623 3397 714 3460; x_wconf 83' lang='lat' dir='ltr'><strong>genus</strong></span> <span class='ocrx_word' id='word_1_168' title='bbox 737 3398 791 3442; x_wconf 89' lang='lat' dir='ltr'><strong>nos</strong></span> <span class='ocrx_word' id='word_1_169' title='bbox 815 3384 981 3461; x_wconf 79' lang='lat' dir='ltr'><strong>patefacere</strong></span> <span class='ocrx_word' id='word_1_170' title='bbox 1004 3379 1176 3443; x_wconf 87' lang='lat' dir='ltr'><strong>conabimur</strong></span> <span class='ocrx_word' id='word_1_171' title='bbox 1200 3381 1314 3444; x_wconf 86' lang='lat' dir='ltr'><strong>diverso</strong></span> 
     </span>
     <span class='ocr_line' id='line_1_22' title="bbox 175 3479 1316 3561; baseline -0.002 -15"><span class='ocrx_word' id='word_1_172' title='bbox 175 3499 230 3546; x_wconf 80' lang='lat' dir='ltr'><strong>tmu</strong></span> <span class='ocrx_word' id='word_1_173' title='bbox 254 3479 474 3559; x_wconf 87' lang='lat' dir='ltr'><strong>particularum,</strong></span> <span class='ocrx_word' id='word_1_174' title='bbox 506 3497 614 3560; x_wconf 81' lang='lat' dir='ltr'><strong>porcae</strong></span> <span class='ocrx_word' id='word_1_175' title='bbox 640 3480 751 3561; x_wconf 75' lang='lat' dir='ltr'><strong>quidem</strong></span> <span class='ocrx_word' id='word_1_176' title='bbox 773 3484 818 3544; x_wconf 83' lang='lat' dir='ltr'><strong>rei</strong></span> <span class='ocrx_word' id='word_1_177' title='bbox 837 3485 869 3544; x_wconf 80' lang='lat' dir='ltr'><strong>in</strong></span> <span class='ocrx_word' id='word_1_178' title='bbox 889 3484 1006 3560; x_wconf 78' lang='lat' dir='ltr'><strong>speciem</strong></span> <span class='ocrx_word' id='word_1_179' title='bbox 1027 3490 1053 3542; x_wconf 86' lang='lat' dir='ltr'><strong>et</strong></span> <span class='ocrx_word' id='word_1_180' title='bbox 1074 3480 1175 3552; x_wconf 78' lang='lat' dir='ltr'><strong>onitin,</strong></span> <span class='ocrx_word' id='word_1_181' title='bbox 1208 3481 1256 3544; x_wconf 81' lang='lat' dir='ltr'><strong>sed</strong></span> <span class='ocrx_word' id='word_1_182' title='bbox 1278 3481 1316 3544; x_wconf 90' lang='lat' dir='ltr'><strong>od</strong></span> 
     </span>
     <span class='ocr_line' id='line_1_23' title="bbox 173 3579 1317 3660; baseline -0.003 -17"><span class='ocrx_word' id='word_1_183' title='bbox 173 3593 260 3643; x_wconf 82' lang='lat' dir='ltr'><strong>osum</strong></span> <span class='ocrx_word' id='word_1_184' title='bbox 290 3586 411 3659; x_wconf 80' lang='lat' dir='ltr'><strong>mopoot</strong></span> <span class='ocrx_word' id='word_1_185' title='bbox 437 3598 469 3642; x_wconf 87' lang='lat' dir='ltr'><strong>oc</strong></span> <span class='ocrx_word' id='word_1_186' title='bbox 495 3579 582 3659; x_wconf 80' lang='lat' dir='ltr'><strong>plone</strong></span> <span class='ocrx_word' id='word_1_187' title='bbox 612 3579 829 3653; x_wconf 45' lang='lat' dir='ltr'><strong>messoriam).</strong></span> <span class='ocrx_word' id='word_1_188' title='bbox 872 3579 912 3642; x_wconf 91' lang='lat' dir='ltr'><strong>ita</strong></span> <span class='ocrx_word' id='word_1_189' title='bbox 946 3599 1015 3643; x_wconf 88' lang='lat' dir='ltr'><strong>vero</strong></span> <span class='ocrx_word' id='word_1_190' title='bbox 1049 3597 1124 3660; x_wconf 89' lang='lat' dir='ltr'><strong>quac</strong></span> <span class='ocrx_word' id='word_1_191' title='bbox 1157 3579 1246 3642; x_wconf 92' lang='lat' dir='ltr'><strong>hodie</strong></span> <span class='ocrx_word' id='word_1_192' title='bbox 1280 3579 1317 3640; x_wconf 90' lang='lat' dir='ltr'><strong>de</strong></span> 
     </span>
     <span class='ocr_line' id='line_1_24' title="bbox 174 3676 1315 3758; baseline 0.002 -18"><span class='ocrx_word' id='word_1_193' title='bbox 174 3676 325 3742; x_wconf 86' lang='lat' dir='ltr'><strong>airicitatis</strong></span> <span class='ocrx_word' id='word_1_194' title='bbox 347 3695 422 3758; x_wconf 86' lang='lat' dir='ltr'><strong>quae</strong></span> <span class='ocrx_word' id='word_1_195' title='bbox 449 3677 555 3742; x_wconf 88' lang='lat' dir='ltr'><strong>dicitur</strong></span> <span class='ocrx_word' id='word_1_196' title='bbox 577 3695 648 3740; x_wconf 89' lang='lat' dir='ltr'><strong>vana</strong></span> <span class='ocrx_word' id='word_1_197' title='bbox 672 3677 799 3757; x_wconf 77' lang='lat' dir='ltr'><strong>imagine</strong></span> <span class='ocrx_word' id='word_1_198' title='bbox 825 3678 904 3740; x_wconf 89' lang='lat' dir='ltr'><strong>docti</strong></span> <span class='ocrx_word' id='word_1_199' title='bbox 928 3679 980 3742; x_wconf 87' lang='lat' dir='ltr'><strong>viri</strong></span> <span class='ocrx_word' id='word_1_200' title='bbox 1004 3697 1090 3758; x_wconf 86' lang='lat' dir='ltr'><strong>saepe</strong></span> <span class='ocrx_word' id='word_1_201' title='bbox 1120 3678 1315 3753; x_wconf 85' lang='lat' dir='ltr'><strong>harioloutur‚</strong></span> 
     </span>
     <span class='ocr_line' id='line_1_25' title="bbox 174 3777 1317 3858; baseline 0 -18"><span class='ocrx_word' id='word_1_202' title='bbox 174 3777 270 3857; x_wconf 92' lang='lat' dir='ltr'><strong>aliqua</strong></span> <span class='ocrx_word' id='word_1_203' title='bbox 304 3795 339 3840; x_wconf 88' lang='lat' dir='ltr'><strong>ex</strong></span> <span class='ocrx_word' id='word_1_204' title='bbox 372 3783 456 3857; x_wconf 84' lang='lat' dir='ltr'><strong>perte</strong></span> <span class='ocrx_word' id='word_1_205' title='bbox 488 3777 633 3856; x_wconf 77' lang='lat' dir='ltr'><strong>corrigere</strong></span> <span class='ocrx_word' id='word_1_206' title='bbox 665 3794 720 3838; x_wconf 90' lang='lat' dir='ltr'><strong>uos</strong></span> <span class='ocrx_word' id='word_1_207' title='bbox 755 3783 785 3838; x_wconf 90' lang='lat' dir='ltr'><strong>et</strong></span> <span class='ocrx_word' id='word_1_208' title='bbox 807 3777 982 3858; x_wconf 82' lang='lat' dir='ltr'><strong>exquisitius</strong></span> <span class='ocrx_word' id='word_1_209' title='bbox 1016 3777 1196 3858; x_wconf 82' lang='lat' dir='ltr'><strong>distinguere</strong></span> <span class='ocrx_word' id='word_1_210' title='bbox 1228 3795 1317 3858; x_wconf 89' lang='lat' dir='ltr'><strong>posse</strong></span> 
     </span>
     <span class='ocr_line' id='line_1_26' title="bbox 174 3875 1318 3958; baseline 0.002 -20"><span class='ocrx_word' id='word_1_211' title='bbox 174 3893 337 3958; x_wconf 88' lang='lat' dir='ltr'><strong>speramus.</strong></span> <span class='ocrx_word' id='word_1_212' title='bbox 383 3893 479 3956; x_wconf 89' lang='lat' dir='ltr'><strong>neque</strong></span> <span class='ocrx_word' id='word_1_213' title='bbox 502 3875 583 3938; x_wconf 90' lang='lat' dir='ltr'><strong>enim</strong></span> <span class='ocrx_word' id='word_1_214' title='bbox 605 3885 702 3938; x_wconf 90' lang='lat' dir='ltr'><strong>totum</strong></span> <span class='ocrx_word' id='word_1_215' title='bbox 725 3876 844 3958; x_wconf 87' lang='lat' dir='ltr'><strong>quidem</strong></span> <span class='ocrx_word' id='word_1_216' title='bbox 867 3878 1014 3942; x_wconf 88' lang='lat' dir='ltr'><strong>sermonis</strong></span> <span class='ocrx_word' id='word_1_217' title='bbox 1040 3895 1134 3957; x_wconf 82' lang='lat' dir='ltr'><strong>genus</strong></span> <span class='ocrx_word' id='word_1_218' title='bbox 1164 3884 1193 3940; x_wconf 91' lang='lat' dir='ltr'><strong>et</strong></span> <span class='ocrx_word' id='word_1_219' title='bbox 1214 3875 1318 3957; x_wconf 79' lang='lat' dir='ltr'><strong>Apulei</strong></span> 
     </span>
     <span class='ocr_line' id='line_1_27' title="bbox 175 3973 1317 4042; baseline 0.001 -3"><span class='ocrx_word' id='word_1_220' title='bbox 175 3984 204 4040; x_wconf 91' lang='lat' dir='ltr'><strong>et</strong></span> <span class='ocrx_word' id='word_1_221' title='bbox 224 3974 383 4038; x_wconf 83' lang='lat' dir='ltr'><strong>Frontonis</strong></span> <span class='ocrx_word' id='word_1_222' title='bbox 406 3983 436 4038; x_wconf 88' lang='lat' dir='ltr'><strong>et</strong></span> <span class='ocrx_word' id='word_1_223' title='bbox 457 3973 569 4038; x_wconf 89' lang='lat' dir='ltr'><strong>Arnohi</strong></span> <span class='ocrx_word' id='word_1_224' title='bbox 591 3975 738 4037; x_wconf 89' lang='lat' dir='ltr'><strong>tumidum</strong></span> <span class='ocrx_word' id='word_1_225' title='bbox 764 3983 793 4038; x_wconf 91' lang='lat' dir='ltr'><strong>et</strong></span> <span class='ocrx_word' id='word_1_226' title='bbox 822 3975 898 4038; x_wconf 89' lang='lat' dir='ltr'><strong>male</strong></span> <span class='ocrx_word' id='word_1_227' title='bbox 927 3976 1118 4040; x_wconf 88' lang='lat' dir='ltr'><strong>artificiosum</strong></span> <span class='ocrx_word' id='word_1_228' title='bbox 1152 3975 1317 4042; x_wconf 88' lang='lat' dir='ltr'><strong>satietatem</strong></span> 
     </span>
     <span class='ocr_line' id='line_1_28' title="bbox 174 4074 1316 4155; baseline 0.001 -19"><span class='ocrx_word' id='word_1_229' title='bbox 174 4074 341 4154; x_wconf 76' lang='lat' dir='ltr'><strong>legentibus</strong></span> <span class='ocrx_word' id='word_1_230' title='bbox 378 4092 448 4136; x_wconf 84' lang='lat' dir='ltr'><strong>mox</strong></span> <span class='ocrx_word' id='word_1_231' title='bbox 475 4075 575 4136; x_wconf 82' lang='lat' dir='ltr'><strong>adiere</strong></span> <span class='ocrx_word' id='word_1_232' title='bbox 602 4074 759 4155; x_wconf 84' lang='lat' dir='ltr'><strong>quisquam</strong></span> <span class='ocrx_word' id='word_1_233' title='bbox 787 4074 920 4152; x_wconf 79' lang='lat' dir='ltr'><strong>negabit,</strong></span> <span class='ocrx_word' id='word_1_234' title='bbox 958 4093 1061 4138; x_wconf 82' lang='lat' dir='ltr'><strong>rerum</strong></span> <span class='ocrx_word' id='word_1_235' title='bbox 1092 4094 1125 4140; x_wconf 88' lang='lat' dir='ltr'><strong>ca</strong></span> <span class='ocrx_word' id='word_1_236' title='bbox 1155 4075 1316 4140; x_wconf 83' lang='lat' dir='ltr'><strong>similtudo</strong></span> 
     </span>
     <span class='ocr_line' id='line_1_29' title="bbox 175 4171 1316 4255; baseline 0 -19"><span class='ocrx_word' id='word_1_237' title='bbox 175 4173 319 4254; x_wconf 89' lang='lat' dir='ltr'><strong>temporis</strong></span> <span class='ocrx_word' id='word_1_238' title='bbox 342 4172 416 4236; x_wconf 90' lang='lat' dir='ltr'><strong>mihi</strong></span> <span class='ocrx_word' id='word_1_239' title='bbox 438 4173 553 4237; x_wconf 87' lang='lat' dir='ltr'><strong>videtur</strong></span> <span class='ocrx_word' id='word_1_240' title='bbox 568 4171 700 4235; x_wconf 89' lang='lat' dir='ltr'><strong>moribus</strong></span> <span class='ocrx_word' id='word_1_241' title='bbox 716 4171 909 4236; x_wconf 83' lang='lat' dir='ltr'><strong>adscribendo</strong></span> <span class='ocrx_word' id='word_1_242' title='bbox 925 4192 989 4238; x_wconf 85' lang='lat' dir='ltr'><strong>esse</strong></span> <span class='ocrx_word' id='word_1_243' title='bbox 1004 4174 1171 4255; x_wconf 85' lang='lat' dir='ltr'><strong>saeculique</strong></span> <span class='ocrx_word' id='word_1_244' title='bbox 1185 4174 1316 4255; x_wconf 82' lang='lat' dir='ltr'><strong>ingenio,</strong></span> 
     </span>
     <span class='ocr_line' id='line_1_30' title="bbox 176 4272 1316 4355; baseline 0.004 -22"><span class='ocrx_word' id='word_1_245' title='bbox 176 4273 283 4354; x_wconf 92' lang='lat' dir='ltr'><strong>quippe</strong></span> <span class='ocrx_word' id='word_1_246' title='bbox 306 4272 384 4353; x_wconf 90' lang='lat' dir='ltr'><strong>quod</strong></span> <span class='ocrx_word' id='word_1_247' title='bbox 407 4290 469 4334; x_wconf 94' lang='lat' dir='ltr'><strong>nou</strong></span> <span class='ocrx_word' id='word_1_248' title='bbox 496 4280 558 4335; x_wconf 87' lang='lat' dir='ltr'><strong>tom</strong></span> <span class='ocrx_word' id='word_1_249' title='bbox 587 4289 635 4334; x_wconf 91' lang='lat' dir='ltr'><strong>res</strong></span> <span class='ocrx_word' id='word_1_250' title='bbox 664 4273 815 4334; x_wconf 89' lang='lat' dir='ltr'><strong>enucleate</strong></span> <span class='ocrx_word' id='word_1_251' title='bbox 846 4273 993 4353; x_wconf 82' lang='lat' dir='ltr'><strong>expositas</strong></span> <span class='ocrx_word' id='word_1_252' title='bbox 1021 4273 1201 4355; x_wconf 87' lang='lat' dir='ltr'><strong>expenderet</strong></span> <span class='ocrx_word' id='word_1_253' title='bbox 1228 4291 1316 4354; x_wconf 87' lang='lat' dir='ltr'><strong>quam</strong></span> 
     </span>
    </p>
   </div>
   <div class='ocr_carea' id='block_1_4' title="bbox 174 4413 386 4426">
    <p class='ocr_par' dir='ltr' id='par_1_4' title="bbox 174 4413 386 4426">
     <span class='ocr_line' id='line_1_31' title="bbox 174 4413 386 4426; baseline -0.009 -2"><span class='ocrx_word' id='word_1_254' title='bbox 174 4413 386 4426; x_wconf 51' lang='grc' dir='ltr'><strong>ψ</strong></span> 
     </span>
    </p>
   </div>
   <div class='ocr_carea' id='block_1_5' title="bbox 244 4480 676 4548">
    <p class='ocr_par' dir='ltr' id='par_1_5' title="bbox 244 4480 676 4548">
     <span class='ocr_line' id='line_1_32' title="bbox 244 4480 676 4548; baseline -0.012 -12"><span class='ocrx_word' id='word_1_255' title='bbox 244 4483 263 4547; x_wconf 76' lang='lat'><strong>²)</strong></span> <span class='ocrx_word' id='word_1_256' title='bbox 282 4481 446 4535; x_wconf 86' lang='lat' dir='ltr'><strong>Tursellinus</strong></span> <span class='ocrx_word' id='word_1_257' title='bbox 464 4483 490 4533; x_wconf 90' lang='lat' dir='ltr'><strong>iu</strong></span> <span class='ocrx_word' id='word_1_258' title='bbox 510 4480 676 4548; x_wconf 81' lang='lat' dir='ltr'><strong>praelatione.</strong></span> 
     </span>
    </p>
   </div>
   <div class='ocr_carea' id='block_1_6' title="bbox 0 0 1669 5238">
    <p class='ocr_par' dir='ltr' id='par_1_6' title="bbox 0 0 1669 5238">
     <span class='ocr_line' id='line_1_33' title="bbox 0 0 1669 5238; baseline 0 0"><span class='ocrx_word' id='word_1_259' title='bbox 0 0 1669 5238; x_wconf 95' lang='lat' dir='ltr'><strong> </strong></span> 
     </span>
    </p>
   </div>
  </div>
 </body>
</html>
