3324 5238
834 397 1055 461 ..70-

366 580 475 650 rubedo,
497 580 530 638 in
552 577 652 658 quidus
674 577 885 639 animadvertes
907 594 971 638 cum
993 591 1040 638 aaa
1062 577 1176 655 cognitu
1197 592 1285 636 rarus
1317 586 1377 636 tum
1402 579 1521 638 morino

366 683 453 741 ettam
475 677 612 740 llomnm'a
633 680 771 738 inusitato
797 686 824 737 et
844 680 875 736 in
895 676 1080 745 hodiernum,
1107 675 1183 755 quod
1206 678 1308 744 seiam,
1338 674 1459 753 nosceta,
1486 693 1521 736 eo

367 781 485 839 nomino
508 777 604 838 lodore
626 793 688 837 areo
710 785 736 836 et
758 775 850 837 studio
873 779 913 836 ito
947 774 979 836 do
1016 772 1131 836 &oecis
1160 777 1327 854 provenire,
1360 783 1393 834 at
1425 784 1522 836 tamen

367 875 471 938 Latina
492 884 606 936 moneta
624 891 760 952 percusso
783 878 849 936 sint.
893 873 967 934 nihil
1001 873 1088 934 oredo
1122 872 1249 952 planius,
1283 871 1354 934 nihil
1388 873 1520 952 apertius

368 973 553 1056 pronuntiari
576 991 673 1052 posse.
718 973 789 1052 quid
811 991 891 1044 vero,
914 972 987 1042 isne,
1016 970 1067 1051 qui
1089 972 1171 1032 brevi
1200 980 1334 1051 ternpore
1356 979 1423 1052 post
1445 991 1520 1034 nora

366 1072 506 1134 vocabula
529 1071 629 1151 potius
653 1089 684 1133 se
707 1071 881 1134 formavisse
904 1087 992 1150 quam
1016 1070 1109 1132 aliena
1132 1069 1319 1150 usurpavisse
1334 1071 1521 1150 praedicavit,

367 1172 456 1252 paulo
479 1179 548 1231 ante
571 1188 646 1249 opus
670 1169 788 1231 Graecis
811 1168 985 1232 nominibus
1012 1168 1155 1230 refertum
1185 1168 1217 1230 iu
1250 1169 1353 1247 vulgus
1387 1173 1522 1249 prolerre

367 1287 427 1332 non
450 1268 561 1331 veritus
585 1266 653 1330 est?
676 1287 710 1330 ac
732 1268 865 1348 prolecto
887 1270 919 1330 in
942 1268 1017 1330 libro
1033 1287 1071 1328 ex
1085 1267 1314 1347 peregrinorum
1329 1268 1426 1347 lingua
1449 1287 1522 1331 con·

366 1387 451 1431 verso
474 1367 631 1448 peregrina
654 1367 743 1430 verba
765 1386 884 1430 servare
905 1367 1036 1430 hominis
1059 1375 1104 1428 est
1131 1366 1207 1428 tardi
1228 1365 1355 1445 ingenii,
1383 1385 1444 1429 non
1466 1370 1522 1432 uiri

368 1466 507 1530 omnibns
532 1467 640 1528 mentis
663 1466 851 1529 facultatibus
874 1466 1052 1546 praestantis
1069 1473 1099 1526 et
1113 1465 1269 1544 utriusque
1281 1464 1400 1543 linguae
1422 1467 1521 1546 periti.

368 1567 494 1646 denique
517 1574 551 1626 ut
578 1565 678 1645 paucis
705 1565 801 1628 verbis
828 1565 1007 1627 sententiam
1042 1572 1174 1626 nostram
1210 1564 1458 1643 complectamur,
1493 1575 1522 1629 et

368 1667 477 1729 Graeca
501 1665 640 1727 vocabula
663 1664 710 1726 illa
733 1665 807 1726 falso
830 1664 978 1727 intellecta
1010 1671 1040 1724 et
1073 1664 1214 1726 crebritas
1249 1662 1405 1724 nominum
1430 1663 1520 1728 Grae-

369 1783 472 1828 corum
495 1762 621 1842 probare
644 1769 732 1842 atque
755 1762 955 1841 argumentari
978 1762 1117 1824 videntur
1137 1762 1246 1824 lilrrum
1270 1763 1307 1823 de
1323 1763 1437 1824 mundo
1461 1783 1522 1828 non

369 1863 552 1926 elaboratum
587 1881 652 1924 esse
679 1862 749 1923 aL.
774 1862 899 1943 Apuleio
932 1862 1054 1923 homine
1086 1861 1197 1936 laceto,
1233 1860 1352 1923 rhetore
1386 1875 1520 1940 venusto,

369 1960 564 2042 grammatico
589 1961 743 2042 utriusque
765 1962 881 2041 linguae
903 1979 1003 2039 gnaro.

454 2060 530 2121 liber
557 2057 836 2123 Pseudaristotelius
868 2058 945 2142 περὶ
968 2055 1095 2141 κόσμου
1127 2067 1189 2122 tam
1222 2065 1357 2122 accurate
1384 2060 1415 2121 in
1440 2062 1520 2125 Lati-

370 2179 444 2224 num
467 2178 639 2222 sermonem
663 2180 827 2223 conversus
851 2169 906 2230 est,
930 2168 1024 2220 utne
1052 2159 1240 2238 prooemium
1274 2161 1408 2239 quidem,
1442 2164 1522 2242 quod

370 2262 405 2322 ad
428 2261 627 2323 Alexandrum
650 2279 749 2340 regem
773 2262 875 2322 datum
900 2268 953 2331 est,
976 2268 1080 2321 auctor
1102 2260 1240 2322 omittere
1269 2262 1407 2337 auderet3
1441 2265 1522 2342 quod

371 2360 490 2441 quidem
519 2360 654 2422 omisisse
684 2379 752 2422 eum
781 2359 930 2421 Nicolaius
957 2359 1026 2420 laist.
1042 2359 1096 2422 dit.
1120 2358 1246 2421 Graec.²
1271 2359 1523 2441 linamente,

370 2469 404 2522 ut
418 2460 503 2533 solet,
525 2459 679 2522 contendit
694 2459 946 2539 contenderetque
961 2457 1039 2519 idem
1064 2467 1147 2520 antea
1166 2458 1303 2521 Osannus
1326 2460 1344 2520 l.
1361 2460 1380 2520 l.
1403 2479 1432 2540 p.
1448 2460 1522 2521 247.

371 2558 422 2621 sed
447 2577 481 2620 eo
505 2559 596 2638 magis
620 2559 814 2622 admiratione
837 2559 980 2638 capimur,
1005 2558 1083 2639 quod
1108 2559 1243 2639 scriptor,
1266 2557 1436 2640 ubicunque
1459 2561 1524 2622 fieri

371 2657 476 2738 potuit,
498 2657 559 2718 sive
581 2657 677 2719 verbis
701 2657 737 2718 de
755 2677 787 2718 se
809 2657 873 2738 ipso
890 2657 1009 2719 adiectis
1032 2657 1093 2719 sive
1116 2657 1178 2718 aliis
1201 2657 1328 2732 omissis,
1351 2678 1427 2738 quae
1451 2660 1521 2722 alie·

370 2774 443 2817 nurn
468 2757 580 2818 fontem
603 2757 781 2831 redolerent,
805 2757 958 2819 simulavit
980 2764 1068 2837 atquo
1091 2756 1162 2818 alios
1180 2757 1278 2820 tallere
1294 2759 1416 2831 studuit,
1440 2759 1525 2840 quasi

371 2873 432 2917 nnn
456 2854 598 2918 Graecum
629 2875 704 2937 opus
733 2855 924 2937 popularibus
957 2855 1113 2935 legendum
1149 2862 1339 2930 retractaret,
1373 2859 1424 2918 sed
1459 2859 1525 2938 ipsa

371 2972 480 3017 novum
504 2954 613 3036 aliquid
638 2956 890 3018 lucubrationibus
914 2955 1091 3028 inuenisset,
1118 2972 1171 3015 sua
1200 2963 1301 3016 mente
1328 2957 1527 3038 concepisset,

371 3056 434 3120 suis
457 3055 583 3135 propriis
606 3055 702 3118 verbis
734 3056 811 3135 aptis
845 3056 963 3116 inventa
999 3061 1088 3134 atque
1119 3061 1261 3134 concepta
1296 3055 1525 3134 composuisset.

372 3153 525 3215 rarissime
548 3161 665 3215 tantum
689 3153 856 3215 Aristotelis
879 3169 990 3215 nomen
1007 3159 1223 3214 commemorat
1237 3161 1325 3232 atque
1346 3153 1395 3225 ita,
1420 3163 1455 3217 ut
1477 3173 1527 3217 eas

372 3269 422 3314 res
457 3251 616 3332 aliquando
647 3251 678 3313 in
712 3251 876 3312 Aristotelis
909 3249 991 3311 libris
1026 3268 1093 3311 eum
1128 3250 1233 3329 legisse
1266 3253 1435 3332 suspiceris.
1492 3275 1528 3317 ao

372 3350 502 3432 primum
527 3352 646 3430 quidem
668 3351 697 3412 id
721 3351 875 3430 diligenter
909 3350 1137 3412 examinandum
1171 3359 1200 3411 et
1234 3351 1455 3432 respiciendum
1479 3363 1528 3417 est

374 3449 497 3510 nomine
518 3450 583 3512 eius
605 3457 729 3520 mutato,
753 3451 789 3510 ad
813 3468 902 3527 quem
920 3449 1047 3510 Graecus
1063 3449 1138 3512 liber
1153 3449 1263 3512 missus
1287 3458 1342 3530 est,
1366 3452 1447 3514 velut
1470 3472 1527 3515 suo

372 3547 467 3610 amico
491 3548 538 3608 vel
559 3547 704 3628 discipulo
728 3566 816 3610 suum
841 3567 916 3628 opus
939 3547 1094 3628 Apuleium
1129 3547 1318 3610 dedicavisse.
1352 3567 1421 3610 nam
1446 3551 1528 3631 περὶ

373 3643 499 3728 κόσμου
521 3646 597 3708 liber
618 3646 781 3709 Alexandro
798 3647 913 3708 cuidam
938 3647 1017 3707 dono
1041 3645 1126 3706 datus
1149 3652 1202 3717 ost,
1233 3647 1284 3725 qui
1312 3656 1438 3710 exeunte
1453 3667 1527 3728 pro-

375 3748 474 3810 oemio
497 3743 666 3830 ἡγεμόνων
689 3744 824 3830 ἄριστος
846 3755 978 3818 vocatur,
1009 3745 1048 3808 ita
1071 3756 1251 3826 utmagnus
1279 3747 1327 3809 ille
1354 3767 1407 3808 rex
1429 3747 1529 3810 llace-

374 3847 481 3909 doniae
513 3847 609 3908 dictus
642 3865 707 3908 esse
736 3847 876 3908 videatur.
923 3846 952 3907 in
986 3844 1093 3908 Latino
1127 3864 1195 3906 vero
1229 3846 1266 3907 de
1299 3846 1412 3908 mundo
1450 3846 1528 3908 libro

374 3945 534 4008 Faustinus
572 3945 690 4025 quidam
728 3944 905 4006 nominatim
941 3943 1121 4025 adpellatur,
1156 3945 1267 4025 quippe
1299 3963 1388 4024 quem
1422 3956 1530 4008 auctor

374 4053 467 4108 totam
492 4045 644 4106 materiam
675 4046 819 4107 docturus
853 4044 900 4105 sit.
946 4044 1078 4106 eiusdem
1114 4053 1211 4105 autem
1245 4044 1375 4106 nominis
1410 4045 1529 4107 homini

375 4147 450 4207 alter
477 4144 560 4216 liber,
591 4163 679 4222 quem
702 4144 842 4224 Apuleius
874 4141 910 4202 do
934 4140 1056 4205 Platone
1090 4144 1203 4205 eteius
1227 4145 1364 4223 dogmate
1396 4144 1529 4223 scripsit,

371 4243 527 4312 'dedicatus
551 4251 609 4315 est,
648 4244 700 4323 qui
737 4243 812 4312 istic,
841 4241 975 4304 santae
1011 4242 1058 4323 fila·
1091 4243 1292 4322 compellatur.
1337 4257 1428 4322 quare
1455 4261 1528 4304 eum

377 4342 555 4420 discipulum
578 4341 682 4421 Apulei
709 4342 821 4404 Romae
849 4349 1016 4404 versantem
1056 4339 1147 4402 luisse
1183 4341 1318 4421 plerique
1355 4341 1409 4401 viri
1447 4341 1531 4404 docti

377 4441 566 4518 collegerunt.
612 4439 663 4500 sed
687 4457 863 4520 quacunque
887 4440 1001 4502 ratione
1023 4439 1052 4501 id
1076 4458 1106 4500 se
1130 4438 1229 4501 habet:
1259 4440 1432 4502 'certissime
1454 4439 1530 4504 inde
