3324 5238
815 379 1034 444 ..74-

355 557 597 640 morphosibus1)
620 575 687 620 curn
710 575 781 619 sane
804 555 933 618 alienum
958 557 1074 617 lentem
1097 555 1174 618 haud
1209 553 1334 617 obscure
1361 555 1502 618 indicavit

354 666 418 720 tum
441 673 502 720 non
524 657 560 720 ad
583 657 681 730 verba,
710 656 786 718 sicut
807 656 838 718 in
866 655 939 718 libro
963 655 1000 717 de
1022 655 1144 727 mundo,
1176 653 1286 716 Graeca
1308 655 1339 716 in
1362 654 1501 720 Latinum

354 773 523 818 sermenem
557 755 722 827 transtulit,
757 755 810 816 sed
843 754 879 816 ab
912 753 977 815 aliis
1006 761 1147 834 concepta
1170 753 1232 816 suis
1255 753 1350 815 verbis
1372 755 1504 816 narrarit

353 873 467 935 suaque
487 856 606 936 propria
628 855 763 927 inseruit,
791 861 855 915 tum
886 853 1015 933 denique
1036 870 1225 934 nequaquam
1251 852 1338 915 falsos
1364 861 1504 916 auctores

354 955 514 1018 ementitus
537 961 592 1016 est.
637 954 708 1035 quid
731 949 846 1015 multa?
889 971 946 1015 nos
968 953 1076 1015 iterum
1099 960 1187 1032 atque
1207 952 1315 1014 iterum
1339 953 1504 1034 repetimus

352 1053 476 1135 apuleio
500 1052 615 1115 etiamsi
639 1060 761 1134 propter
784 1070 877 1115 unum
899 1052 928 1114 id
962 1053 993 1114 in
1026 1051 1102 1114 libro
1140 1052 1176 1114 de
1209 1052 1322 1114 mundo
1360 1052 1503 1116 delictum

352 1154 476 1214 fumasse
498 1150 612 1230 ignosci
635 1151 739 1232 possit,
763 1152 844 1232 quod
858 1151 937 1214 haud
954 1161 1071 1232 gravate
1086 1149 1200 1230 antiqui
1214 1150 1283 1213 talia
1298 1151 1503 1222 absolvebant,

353 1270 408 1314 nec
430 1251 467 1311 de
495 1249 558 1312 eius
581 1251 755 1313 auctoritate
778 1251 974 1313 dubitandum
997 1251 1048 1322 sit,
1083 1258 1112 1312 at
1135 1269 1204 1313 vero
1229 1268 1296 1311 cum
1320 1260 1378 1313 tam
1403 1252 1503 1330 gravia

352 1356 514 1432 practerea,
542 1357 604 1412 tam
626 1351 793 1430 ponderosa
817 1351 969 1422 accedant,
1002 1350 1094 1411 immo
1128 1350 1226 1412 omnia
1249 1356 1364 1430 praeter
1386 1351 1504 1428 generis

353 1448 501 1512 scribendi
534 1450 677 1528 quasdam
709 1448 918 1511 similitudines
957 1449 989 1510 in
1022 1449 1220 1529 suspicionem
1254 1449 1374 1512 veniant
1407 1468 1502 1530 aequo

353 1551 452 1612 animo
478 1548 692 1630 reputantibus,
715 1549 879 1610 necessario
903 1567 958 1610 nos
981 1547 1046 1628 cogi
1068 1566 1176 1627 negare
1199 1549 1256 1610 tale
1284 1547 1356 1627 quid
1378 1546 1504 1612 Madau-

351 1667 470 1712 rensem
493 1648 669 1712 fabricatum
693 1666 759 1710 esse
788 1666 840 1709 scu
868 1647 968 1726 potius
1001 1647 1118 1710 aliunde
1151 1648 1306 1729 adreptum
1342 1655 1376 1709 ut
1411 1667 1504 1710 suum

352 1766 427 1828 opus
451 1748 589 1811 edentem
604 1746 726 1826 gratiam
745 1745 930 1826 popularium
947 1746 1072 1827 perdere
1086 1746 1212 1809 voluisse
1228 1755 1278 1808 aut
1300 1745 1503 1827 posteriorum

352 1847 493 1908 iudicium
517 1845 591 1908 nibil
614 1844 769 1908 curavisse.
805 1903 809 1910 .

436 1945 565 2007 breviter
579 1964 613 2007 ea
628 1963 907 2018 commemoremus,
931 1963 1006 2024 quae
1020 1945 1137 2007 levioris
1154 1945 1298 2008 momenti
1314 1952 1394 2006 sunt.
1430 1963 1502 2008 nam

352 2046 418 2120 alia,
442 2055 475 2108 ut
497 2045 613 2126 plenior
636 2045 729 2106 oratio
753 2045 911 2115 rideretur,
935 2044 995 2106 suis
1018 2043 1115 2106 verbis
1136 2043 1250 2116 adiecit,
1281 2051 1316 2105 ut
1337 2061 1365 2123 p.
1395 2044 1501 2117 tosa

352 2145 385 2205 G.
420 2146 612 2208 carniderauti
641 2143 712 2206 mibi
742 2155 768 2204 et
802 2143 963 2224 diligentius
995 2147 1118 2205 intuenti
1124 2162 1133 2217 ,·
1167 2162 1210 2223 cp.
1235 2143 1322 2216 4,1“Ι
1355 2161 1407 2205 uec
1435 2163 1501 2206 suaa

351 2249 474 2319 nescius,⁸
500 2245 547 2316 11,
565 2243 584 2304 2
606 2261 683 2304 nuuc
705 2244 824 2304 nomina
846 2259 1032 2322 assequemur
1054 2245 1234 2322 aspidumque
1255 2252 1415 2320 ventarum,
1445 2242 1499 2306 alia

351 2343 382 2405 in
410 2344 538 2405 solutam
565 2343 696 2420 linguam
725 2342 881 2413 convertit,
916 2359 990 2420 quae
1024 2340 1135 2402 Graece
1169 2341 1299 2404 carmina
1333 2342 1500 2421 conscripta

351 2451 443 2516 erant,
459 2450 494 2504 ut
509 2440 559 2516 35,
572 2442 612 2504 30
628 2441 778 2520 videasque
792 2440 875 2502 illurn
890 2443 1029 2502 civitatem
1047 2443 1160 2520 pariter
1173 2445 1329 2521 spirantem
1344 2441 1501 2504 Panchaeis

353 2541 490 2603 odoribus
511 2551 538 2603 et
556 2539 785 2620 pervadentibus
815 2543 899 2610 aereis,
927 2549 1108 2602 resonantem
1133 2540 1247 2618 bprnuis
1273 2551 1298 2602 ct
1326 2541 1502 2604 carminibus

352 2649 378 2702 et
400 2641 526 2711 canticis,
548 2640 666 2700 eandm
688 2642 771 2700 etiarn
795 2639 927 2700 lamentis
949 2647 975 2699 et
993 2637 1156 2716 ploratibus
1178 2638 1331 2702 eminatam
1353 2658 1407 2720 pro
1433 2659 1499 2702 rer·

352 2737 433 2800 sibus
457 2737 626 2818 Sophocleis
650 2737 682 2798 0.
708 2737 741 2798 R.
767 2738 795 2797 4.
819 2739 853 2810 5;
875 2737 930 2798 alia
954 2736 1079 2817 explerit
1095 2737 1206 2800 Latinis
1227 2738 1363 2800 versibus
1380 2739 1499 2802 omissis

352 2836 609 2899 Pseudaristetelis
633 2834 944 2910 Graecis,ut36,1l
977 2853 1030 2916 pro
1054 2835 1177 2898 Homeri
1207 2836 1261 2899 Od.
1285 2838 1314 2911 5,
1328 2836 1368 2900 64
1392 2839 1499 2918 Vergili

352 2936 456 3015 Georg.
480 2935 589 3008 4,146
612 2936 727 3017 posuit:
757 2935 810 2998 alia
835 2934 961 3015 denique
988 2935 1073 2998 noris
1096 2935 1237 3016 exemplis
1268 2936 1437 3008 cumularit,
1465 2943 1499 3000 ut

351 3054 397 3115 cp.
425 3035 502 3108 17,5
526 3045 559 3096 ut
585 3036 720 3098 Vesuvius
743 3039 828 3098 etiarn
850 3045 946 3098 noster
965 3035 1035 3098 solet
1062 3043 1150 3116 atque
1179 3034 1287 3096 ibidem
1313 3035 1439 3098 tar-24
1462 3037 1499 3098 de

351 3132 515 3213 Hierapolis
539 3131 619 3194 urbis
641 3133 782 3212 Phrygiae
797 3141 910 3196 natura.
956 3135 992 3194 de
1007 3132 1091 3196 cuius
1108 3134 1269 3197 mortiferis
1285 3135 1499 3216 anhelitibus²l

352 3240 382 3294 et
408 3233 446 3294 de
479 3248 630 3293 sacrorum
662 3229 842 3292 antistitibus
871 3240 931 3292 tam
960 3233 1055 3313 ample
1082 3251 1115 3294 aa
1141 3233 1206 3295 fuse
1232 3233 1361 3315 disputat
1386 3242 1499 3310 auctor,

351 3339 384 3394 ut
406 3340 457 3395 aut
486 3331 548 3394 suis
576 3330 668 3392 oculis
701 3329 764 3392 illas
795 3328 932 3409 regiones
960 3331 1163 3411 conspexisse,
1195 3331 1258 3394 suis
1289 3333 1414 3413 pedibus
1449 3353 1499 3398 eas

351 3449 419 3493 aum
449 3439 545 3493 terras
575 3429 683 3492 obiisse
714 3429 872 3510 opinemur
899 3437 958 3503 aut,
987 3430 1016 3491 id
1048 3430 1125 3510 quod
1154 3431 1343 3495 verisimilius
1371 3431 1499 3508 videtur,

350 3529 449 3591 locum
471 3546 507 3589 ex
530 3528 655 3590 aliorum
678 3528 761 3590 libris
790 3530 981 3610 desumptum
1011 3547 1084 3602 esse,
1118 3529 1226 3610 quippe
1260 3549 1328 3594 eum
1356 3550 1404 3594 res
1433 3532 1499 3612 ipsa

350 3628 427 3709 apud
450 3627 727 3690 Pseudaristetelem
750 3648 780 3708 p.
804 3628 865 3692 395
888 3629 906 3690 b
931 3628 971 3689 29
993 3627 1090 3690 verbis
1117 3626 1295 3691 addisci
1318 3627 1498 3694 παντάπα-

351 3741 406 3790 σιν
428 3720 559 3807 ἀναιρεῖ
580 3721 739 3809 καθάπερ
755 3726 792 3790 τὸ
814 3724 849 3791 ἐν
866 3729 995 3811 Φρυγίᾳ
1010 3727 1200 3807 significetur.
1246 3730 1403 3810 Apuleium
1426 3751 1498 3796 vero

348 3824 433 3886 Asiae
460 3825 560 3904 plagas
590 3825 791 3905 peragravisse
821 3844 883 3887 non
910 3834 1016 3889 notum
1045 3835 1097 3900 est,
1131 3845 1309 3908 quamquam
1342 3829 1497 3894 Graeciam

350 3941 419 3987 eum
442 3924 668 4004 perlustravisse
691 3931 779 4006 atque
801 3926 912 3988 Rornae
928 3926 1111 4006 aliquamdiu
1127 3933 1273 3989 moratum
1291 3947 1356 3990 esse
1372 3948 1408 3990 ex
1422 3930 1497 4013 ipsis

349 4023 466 4103 scriptis
489 4023 705 4104 comperimus·
742 4042 810 4086 nam
838 4024 918 4104 quod
951 4024 983 4086 in
1011 4025 1149 4087 omnibus
1183 4026 1335 4089 literarum
1363 4027 1497 4092 historiis

349 4122 447 4185 doceri
468 4121 635 4203 reperimus
656 4139 710 4202 per
732 4122 816 4186 Asiae
838 4123 1006 4202 provinciae
1019 4125 1177 4187 maximam
1193 4134 1308 4205 partem
1324 4131 1496 4208 proiectum

349 4283 562 4296 w

418 4351 438 4414 ¹)
457 4347 521 4400 conf.
541 4348 692 4412 Jenningius
710 4348 740 4400 de
757 4351 1001 4418 metamorphositas
1018 4349 1046 4401 L.
1066 4351 1170 4418 Apulei.
1205 4350 1306 4419 Lipsiae
1326 4354 1399 4406 1867.

417 4431 439 4498 ²)
457 4429 521 4482 conl.
541 4430 667 4494 Forbiger
686 4431 703 4482 l.
722 4431 746 4481 1.Ι
760 4431 781 4482 ll
799 4449 821 4498 p.
838 4431 933 4498 3l8sq.
971 4431 1077 4499 liiepcrt
1094 4433 1111 4483 l.
1132 4434 1148 4484 l.
1167 4435 1262 4500 p.105.
