3324 5238
814 411 1037 476 ,36-

348 591 457 666 orobit3
479 591 550 664 vni,
577 588 695 666 10,13;
717 587 767 662 Ill,
789 587 876 664 28,9
897 609 948 653 uec
970 592 1156 668 uuuaputor
1169 587 1219 649 ille
1240 589 1502 649 nuuturntrenulu't

347 695 439 754 uereri
441 709 451 764 ;
473 689 522 764 III,
538 688 643 764 28,18
659 689 822 759 nudular,
838 707 889 751 nec
903 691 991 751 setrius
1004 698 1100 750 tomen
1114 687 1267 750 identidem
1285 689 1412 748 nuntiate
1422 705 1501 766 pre-

347 789 448 852 mebar
462 792 607 850 iustoutr‘a.
638 797 755 867 praeter
770 789 852 850 hunc
867 789 975 863 Ioeurn,
1003 806 1063 868 quo
1080 796 1175 848 tarueu
1190 786 1338 848 adiectum
1354 793 1409 859 est,
1427 784 1502 846 ubi-

348 905 406 967 que
421 888 458 950 ab
473 886 557 950 initio
574 906 607 949 ea
628 887 754 948 Iormula
769 886 866 966 posita
883 895 938 949 est.
972 894 1059 966 atque
1073 893 1155 947 recte
1169 885 1202 946 in
1220 885 1348 948 eundern
1371 883 1499 946 modum

348 986 496 1066 IIaaptius
519 985 721 1048 emendavisse
743 984 816 1046 mihi
840 985 955 1047 ridetur
977 985 1009 1056 V,
1032 983 1094 1056 5,8
1116 1002 1240 1065 nampue
1257 993 1378 1063 praeter
1400 983 1501 1045 oculos

348 1095 375 1148 ct
395 1085 530 1148 numbers
551 1095 578 1146 et
600 1083 720 1146 annuae
741 1087 766 1145 is
787 1083 878 1146 urlilo
900 1088 986 1146 aetius
1006 1084 1188 1157 sortiebatur,
1219 1083 1270 1144 ubi
1293 1085 1384 1146 codex
1407 1081 1433 1142 F
1452 1081 1501 1143 Iu's

347 1183 437 1244 uitari
458 1181 590 1262 praebet,
614 1179 862 1263 Eyssenhardtius
896 1183 984 1244 nimis
1016 1181 1129 1245 insulse
1160 1186 1212 1244 iate
1242 1181 1322 1244 Nolui
1353 1181 1497 1243 coniecit:

348 1299 527 1362 quamquam
556 1283 627 1344 illud
654 1299 716 1345 non
745 1282 901 1344 celandum
932 1291 977 1345 est
1009 1280 1161 1362 ceteroqui
1188 1280 1277 1342 urltlo
1305 1284 1391 1342 aeteus
1416 1279 1498 1360 apud

347 1381 504 1460 Apuleium
527 1399 674 1461 nusquam
697 1381 833 1443 inveniri.
880 1383 1004 1444 fortasse
1032 1399 1102 1442 vero
1129 1379 1168 1440 ibi
1192 1389 1311 1459 praeter
1338 1378 1433 1441 oculu
1463 1385 1498 1440 ut

346 1478 444 1556 glossa
466 1478 560 1541 aliena
583 1481 744 1542 delendum
768 1487 822 1542 est
870 1489 952 1542 certe
978 1479 1088 1558 Haupti
1117 1479 1287 1540 coniectura
1317 1477 1496 1557 probabilior

348 1577 382 1637 fit
411 1594 468 1638 usu
498 1577 603 1639 similis
635 1577 856 1641 coniunctionis
882 1597 934 1641 uec
955 1597 986 1640 eo
1013 1580 1100 1638 sellus
1126 1577 1160 1650 V,
1186 1575 1291 1647 13,18
1320 1575 1389 1656 fidet·
1412 1585 1497 1655 atque

345 1675 525 1755 parciloquio
553 1693 615 1738 uteo
642 1677 820 1756 perpendisti
843 1677 1011 1739 decurrente
1036 1693 1087 1736 uec
1115 1691 1148 1734 eo
1176 1679 1263 1736 setius
1288 1674 1498 1754 adprobabitur

348 1775 401 1836 tibi
420 1791 498 1836 nunc
523 1779 608 1838 etiam
628 1775 753 1855 firmitas
776 1779 868 1838 auaui
888 1780 956 1849 met]
979 1774 1028 1847 III,
1051 1773 1102 1847 34,
1121 1772 1159 1834 13
1181 1793 1233 1835 nee
1254 1789 1286 1834 eo
1307 1776 1392 1834 setius
1415 1773 1497 1853 Ioupe

348 1876 443 1934 mutue
478 1883 617 1936 calculum
650 1885 677 1936 et
704 1876 781 1956 quod
814 1891 909 1937 omme
941 1877 1041 1936 merito
1071 1873 1319 1953 perhorrescerem
1350 1875 1494 1932 secutur.

349 1971 493 2052 scripturn
517 1979 618 2035 autem
652 1981 697 2034 cst
724 1992 776 2035 uec
798 1977 883 2035 setrius
913 1973 1084 2043 aCaesare,
1117 1988 1272 2050 nunquam
1305 1990 1321 2032 a
1354 1969 1496 2032 Cicerone

349 2071 395 2131 vel
417 2069 509 2142 Livio,
530 2089 582 2133 uec
604 2090 635 2134 eo
658 2075 743 2134 aeteus
765 2091 781 2134 a
802 2071 898 2152 poetis
922 2079 951 2133 et
972 2069 1187 2132 recentioribus
1203 2069 1382 2140 auctoribus,
1404 2067 1495 2130 nitito

347 2171 435 2231 actius
463 2187 478 2230 a
509 2169 638 2231 comicis.
684 2176 713 2230 at
740 2189 809 2231 vero
838 2170 952 2231 formae
984 2173 1096 2251 seperire
1128 2168 1171 2230 vis
1200 2187 1216 2229 a
1248 2168 1371 2230 notione
1405 2185 1493 2248 quam

348 2266 438 2328 modo
466 2267 621 2328 docuimus
648 2267 840 2347 comparativi
867 2271 952 2330 setius
977 2267 1139 2348 plurimum
1171 2272 1201 2326 et
1230 2266 1359 2328 dilucide
1388 2265 1492 2327 differt.

348 2382 418 2426 narn
441 2366 604 2444 explicatur
631 2385 664 2426 ea
688 2365 772 2427 aliter
794 2366 904 2445 aliquid
935 2367 1044 2427 Iactum
1073 2383 1137 2426 εεεε
1165 2372 1253 2444 atque
1283 2373 1430 2445 speratum
1461 2369 1490 2422 et

349 2461 557 2537 desideratum,
581 2462 713 2543 iniquius
737 2463 845 2542 aliquid
858 2463 1037 2543 evenisse1).
1081 2464 1187 2542 legitur
1210 2463 1291 2526 enirn
1315 2464 1363 2539 III,
1386 2460 1491 2536 nunu

349 2579 421 2642 puae
442 2579 488 2624 res
511 2579 575 2623 urm
589 2565 616 2623 ci
636 2565 748 2642 repulus
766 2580 800 2623 ac
815 2573 882 2624 rato
895 2564 996 2642 fuerat
1013 2567 1192 2642 proueniret;
1215 2562 1263 2636 III,
1287 2562 1368 2635 29,8
1391 2562 1425 2624 de
1438 2561 1494 2642 lide

349 2677 458 2740 puopue
480 2677 579 2722 eorum
603 2663 718 2739 opiuui
738 2661 900 2741 coeptabam
922 2667 1049 2742 repetitu
1071 2663 1108 2731 II,
1132 2661 1182 2733 33,
1199 2664 1237 2723 17
1259 2665 1298 2722 sic
1319 2660 1447 2722 hercules
1468 2667 1495 2720 et

350 2758 430 2821 uliud
458 2762 571 2840 sequtus
599 2760 738 2822 iudiet'unt
764 2765 840 2822 iuter
866 2761 976 2822 ritaliter
1003 2761 1177 2822 Achiuorum
1212 2761 1296 2823 duces
1324 2759 1495 2821 eckbratum

347 2857 420 2920 item
443 2857 638 2938 Oudendorpi
668 2859 908 2920 emendationem
933 2860 1124 2939 complector,
1155 2877 1334 2941 quamquam
1362 2857 1492 2938 Eyssen·

347 2956 482 3018 hardtius
505 2974 541 3017 ex
563 2957 713 3020 codicibus
739 2977 857 3039 sequeus
884 2957 1022 3020 restituit.
1067 2977 1165 3039 neque
1191 2959 1287 3020 rarius
1321 2959 1435 3037 sequius
1464 2955 1494 3015 in

348 3055 492 3133 negativis
514 3055 677 3116 enuntiatis
699 3065 876 3136 usurpatum
900 3065 962 3118 est:
992 3057 1066 3131 VIII,
1094 3057 1198 3128 11,16
1229 3075 1279 3118 uec
1301 3060 1414 3136 aequius
1436 3053 1493 3115 ali-

348 3153 416 3234 puia
437 3156 611 3233 uaepicatua;
633 3153 669 3226 X,
692 3153 721 3225 3,
740 3155 779 3214 17
803 3165 833 3218 ut
853 3159 964 3218 iuuenis
985 3156 1056 3217 uriel
1077 3160 1161 3217 etlam
1184 3165 1252 3218 tuuc
1267 3159 1382 3234 seperire
1399 3155 1494 3232 surpi-

348 3260 444 3325 catae·
467 3249 515 3324 III,
538 3251 567 3326 6,
582 3250 623 3313 26
645 3271 696 3314 uec
711 3297 718 3313 .
737 3296 744 3312 .
759 3253 886 3334 &uram
899 3263 980 3316 tuum
995 3265 1108 3334 repente
1122 3264 1264 3316 mutatum
1278 3257 1391 3335 nepueu
1401 3255 1494 3313 t‘uter-

345 3360 475 3430 pretatur
505 3348 609 3431 olipuu
636 3352 760 3432 coelipeta
789 3352 997 3415 criminabitur.
1043 3354 1121 3433 apud
1155 3351 1284 3414 comicos
1317 3352 1437 3431 quidem
1470 3349 1495 3411 is

347 3465 421 3510 usus
444 3449 523 3510 haud
545 3449 722 3530 infrequens
746 3456 800 3525 est,
832 3451 883 3512 sed
907 3451 1008 3513 Cicero
1032 3451 1067 3512 ad
1091 3451 1213 3513 eandem
1243 3451 1421 3512 sententiam
1445 3468 1495 3511 ex·

348 3545 535 3626 primendam
565 3548 727 3626 positivum
757 3549 875 3611 maluit:
911 3569 946 3612 er
977 3550 1193 3612 recentioribus
1227 3551 1357 3611 comicos
1389 3545 1495 3610 imitati

348 3652 420 3706 sunt
442 3643 611 3724 Columella,
636 3647 756 3722 Seneca,
779 3647 890 3710 Fronto
918 3667 947 3730 p.
971 3647 1074 3723 74,16
1098 3650 1170 3711 altos
1192 3649 1226 3710 de
1247 3657 1274 3710 te
1295 3651 1407 3728 ueprius
1429 3647 1496 3728 pulei

350 3742 441 3804 dicere
448 3743 603 3824 perpeti¹);
618 3745 768 3808 arnobius
780 3763 809 3826 p.
825 3746 922 3821 169,9
937 3750 1092 3810 maiestatis
1104 3758 1171 3810 auat
1182 3747 1260 3828 opud
1270 3765 1320 3809 voe
1331 3749 1384 3820 rei,
1399 3749 1450 3826 pur·
1462 3745 1495 3805 ae

350 3843 453 3903 cestra
474 3846 587 3924 reptatur
601 3844 885 3908 obmurmuraverr'ut
899 3845 1009 3925 aliquid
1022 3846 1145 3925 reptluc.
1191 3847 1249 3908 duo
1262 3865 1330 3908 vero
1344 3851 1495 3926 praeterea

349 3940 502 4020 Apuleiani
523 3942 580 4003 Ioci
602 3943 779 4023 respleiendi
800 3953 879 4015 sunt,
902 3942 1010 4023 quibus
1024 3948 1137 4024 reperire
1150 3951 1270 4025 praeter
1291 3952 1411 4006 meum.
1435 3950 1495 4004 tra-

350 4038 445 4101 ditum
469 4048 522 4113 est,
546 4043 622 4120 apol.
646 4061 691 4123 ep.
705 4041 756 4113 87,
773 4040 813 4104 23
837 4048 867 4103 et
890 4041 940 4115 99,
960 4043 985 4102 1.
1031 4042 1130 4122 priore
1146 4043 1226 4104 enirn
1242 4042 1374 4122 IIrueger
1388 4039 1493 4102 iniurIa

349 4137 457 4199 codicis
486 4157 511 4220 φ
544 4137 634 4199 tidem
668 4147 788 4203 secutus
816 4147 878 4214 est,
911 4141 1052 4220 quoniam
1076 4140 1114 4215 F,
1152 4159 1167 4202 a
1201 4141 1286 4203 euius
1320 4137 1495 4202 lectionibus

349 4234 459 4316 ubique
488 4235 735 4316 proficiscendum
765 4245 819 4312 est,
853 4244 933 4301 recte
966 4239 1125 4320 positivum
1160 4246 1314 4302 exaratum
1346 4246 1493 4320 praestat:

417 4369 439 4433 ι)
458 4367 489 4419 cI.
508 4365 704 4422 IIretscIrnrunn.
722 4370 740 4421 I.
759 4370 776 4420 I.
795 4385 819 4436 p.
839 4369 880 4420 64.
994 4377 997 4384 '

417 4448 440 4516 ¹)
457 4450 516 4502 vide
535 4450 612 4503 etiarn
630 4466 654 4517 p·
667 4450 709 4516 96,
722 4451 746 4501 t.
