3324 5238
895 1425 930 1487 11.

339 1591 386 1660 Ile
409 1591 526 1660 mundo
549 1592 669 1660 librum
684 1591 769 1659 falso
793 1589 900 1658 adhue
914 1589 1049 1678 Apuleio
1065 1589 1271 1658 Madaurensi
1291 1591 1487 1660 attributum

738 1715 807 1765 esse
831 1698 1083 1766 demonstratur.

338 1827 388 1919 De
411 1854 491 1919 nullo
514 1873 550 1917 en
578 1854 717 1918 omnibns
744 1853 848 1935 Apulei
881 1854 998 1934 scriptis
1032 1861 1149 1918 tantum
1177 1855 1283 1920 aviris
1316 1855 1413 1918 doctis
1441 1855 1488 1917 di-

340 1961 492 2036 sputatum
515 1964 568 2034 est,
596 1955 632 2016 de
654 1953 736 2015 nullo
764 1960 881 2017 tantum
914 1955 994 2017 inter
1027 1973 1077 2016 eos
1111 1972 1215 2034 magna
1249 1955 1406 2035 sagacitate
1439 1953 1488 2016 di-

338 2061 512 2136 sceptatum,
536 2062 681 2136 quantum
705 2053 742 2114 de
764 2073 799 2114 eo
822 2053 897 2114 libro
921 2055 972 2134 qui
995 2055 1028 2116 de
1055 2053 1162 2116 mundo
1183 2053 1367 2126 inscribitur,
1398 2071 1495 2134 opere·
1568 2067 1573 2074 ·

337 2154 491 2235 scriptoris
513 2171 575 2215 non
597 2160 656 2214 tam
680 2151 885 2232 philosophiae
908 2153 1040 2216 doctrina
1069 2153 1272 2234 praecellentis
1301 2172 1389 2234 qnam
1415 2154 1487 2215 rhe-

338 2262 440 2316 torum
462 2252 626 2334 praeceptis
649 2251 802 2313 servientis
829 2259 858 2313 et
882 2252 1024 2314 orationis
1045 2251 1184 2314 inanibus
1217 2253 1346 2316 flosculis
1373 2253 1485 2314 redun-

338 2352 442 2414 dantis.
486 2371 520 2414 ae
542 2351 652 2412 Graece
675 2349 794 2430 quidem
819 2350 897 2414 aliud
920 2353 1073 2432 scriptum,
1098 2352 1177 2432 quod
1193 2352 1278 2414 nobis
1301 2370 1371 2413 mss.
1392 2350 1484 2411 tradi-

337 2459 401 2513 tum
424 2457 476 2523 est,
500 2468 568 2512 cnm
591 2468 625 2511 eo
648 2449 688 2511 ita
704 2447 850 2523 cohaeret,
873 2457 906 2512 ut
922 2449 1047 2512 alterum
1064 2469 1099 2512 en
1119 2450 1211 2512 altero
1226 2450 1347 2512 linxisse
1362 2455 1485 2511 constet.

338 2549 482 2612 Graecum
503 2567 573 2610 vero
588 2548 730 2621 libellum,
755 2548 805 2629 qni
828 2548 864 2610 ab
886 2549 1015 2629 antiquis
1031 2549 1224 2630 scriptoribus
1245 2549 1282 2612 ad
1297 2545 1487 2610 Aristotelem

337 2649 466 2710 refertur
488 2647 611 2728 eiusque
633 2648 664 2709 in
687 2647 836 2710 codicibus
865 2648 1031 2723 invenitur,
1064 2649 1237 2710 iamdudum
1273 2648 1309 2709 ab
1337 2663 1486 2726 anonymo

336 2753 431 2810 aetate
454 2764 543 2829 qnam
565 2746 735 2809 Aristoteles
758 2748 851 2809 multo
882 2747 994 2810 minore
1023 2747 1214 2828 compilatum
1249 2766 1313 2810 esse
1348 2745 1487 2808 Osannus

336 2845 431 2926 symb.
453 2847 489 2908 ad
513 2845 615 2908 Graec.
639 2854 669 2907 et
691 2846 775 2908 Rom.
799 2845 842 2908 lit.
866 2845 933 2908 hist.
957 2846 980 2920 l,
1008 2848 1063 2910 141
1089 2866 1135 2929 sq.
1158 2846 1311 2909 contendit
1326 2863 1486 2924 argumen-

336 2946 435 3026 tisque
457 2945 549 3006 firmis
576 2964 610 3007 ae
633 2945 722 3008 certis
744 2945 911 3008 illustravit.
934 2947 1135 3010 memorabile.
1155 2965 1224 3009 vero
1247 2953 1292 3008 est
1315 2945 1487 3006 etiamnunc

337 3042 511 3104 Tenllelium
535 3051 564 3106 et
586 3045 617 3106 in
639 3045 709 3107 hist.
731 3045 774 3106 lit.
797 3045 882 3106 Rom.
914 3053 945 3106 et
966 3045 998 3106 in
1020 3045 1121 3125 Paulpi
1150 3043 1374 3127 eueyolopaedia
1400 3041 1433 3102 1²
1457 3063 1484 3122 p.

340 3139 420 3201 1350
443 3140 580 3203 Latinum
602 3143 712 3205 librum
734 3163 770 3205 ex
791 3143 990 3224 Theophrasti
1012 3162 1101 3225 opere
1116 3143 1214 3224 aliquo
1228 3143 1400 3224 proiectum.
1420 3160 1486 3203 esse

337 3239 452 3318 docere,
476 3257 657 3321 quamquam
680 3241 774 3321 quivis
797 3241 892 3304 Latini
916 3243 1043 3305 auctoris
1065 3243 1206 3306 circuitus
1230 3262 1265 3305 en
1279 3241 1486 3304 Pseudaristo·

336 3339 406 3403 telio
440 3339 490 3405 illo
521 3341 638 3421 pendet.
683 3340 823 3403 Osaunus
857 3341 978 3422 quidem
1013 3341 1158 3404 Graecum
1193 3341 1357 3421 Chrysippo
1389 3339 1484 3401 stoico

335 3438 511 3519 philosopho
533 3439 678 3514 attribuit,
704 3439 833 3517 ldeler¹)
856 3453 925 3502 vero
947 3440 1140 3502 Posidonium
1164 3446 1314 3502 auctorem
1343 3457 1408 3500 esse
1436 3455 1484 3499 ar-

335 3537 461 3600 bitratus
495 3546 550 3612 est,
585 3538 807 3616 Peterseninsl)
842 3539 1069 3620 peripateticum
1103 3537 1232 3617 aliquem
1265 3536 1483 3618 philosophum,

336 3635 543 3716 Spengenus³)
571 3637 700 3718 denique
730 3638 893 3700 rectissime
926 3645 1076 3700 auctorem
1112 3645 1225 3699 eertum
1258 3635 1391 3716 indagari
1424 3651 1485 3697 non

336 3751 423 3813 posse
447 3735 591 3815 exposuit.
635 3755 726 3816 porro
749 3737 785 3799 de
807 3747 943 3819 tempore
966 3755 1025 3816 quo
1048 3736 1122 3799 liber
1137 3736 1324 3816 conscriptus
1339 3735 1379 3796 sit
1394 3732 1485 3796 dnbi-

335 3841 401 3894 tant
423 3832 518 3895 docti:
541 3833 681 3912 Rosins⁴l
705 3835 785 3898 enim
808 3836 898 3899 tertio
921 3855 936 3898 a
960 3835 1028 3898 Chr.
1051 3853 1079 3897 n.
1104 3835 1231 3908 saeculo,
1255 3833 1298 3896 St.
1318 3831 1484 3915 Hilarius&

404 4041 425 4108 ¹)
443 4043 504 4094 edit.
522 4045 654 4095 meteorol.
674 4045 756 4098 Arist.
775 4044 878 4112 Lipsiae
899 4045 972 4097 1834.
1007 4043 1069 4112 llp.
1087 4045 1146 4097 286.

403 4124 500 4190 bonu.
519 4125 602 4177 critic.
622 4128 731 4179 Berolin.
754 4127 825 4180 1836.
861 4144 884 4194 p.
903 4127 953 4178 545
964 4142 1002 4194 sq.

359 4278 367 4298 Ι
403 4209 423 4274 ⁸)
442 4205 677 4261 menstratum
696 4208 723 4261 X
742 4209 865 4262 battutas
886 4208 1040 4260 animalium
1061 4213 1086 4260 et
1103 4209 1199 4260 incerto
1217 4211 1320 4259 anctore
1346 4206 1405 4260 libri
1420 4208 1484 4279 περὶ

334 4291 719 4438 “ovugvdepldltssllrteb'comm
737 4374 861 4426 labrorum
877 4373 966 4426 ordino
984 4391 1008 4441 p.
1027 4374 1067 4424 36.
1087 4373 1120 4424 97

403 4455 424 4524 ⁸)
442 4458 480 4507 ed.
499 4456 632 4508 meteorol.
652 4456 708 4508 bnt.
727 4455 808 4508 Paris.
829 4457 894 4508 1863
913 4475 936 4524 p.
954 4453 1112 4509 cxxxvlii
1122 4469 1158 4521 sq.
