3324 5238
809 447 1027 513 „52-

350 636 418 692 tutu
443 627 713 708 comprehendatur
737 627 874 690 universa
890 626 1099 707 particularum
1116 625 1289 698 differentia,
1313 643 1373 687 non
1389 625 1494 688 inutile

347 745 413 790 esee
434 727 614 791 arbitramur
636 727 673 788 ad
696 735 862 789 extremum
885 743 966 788 nunc
988 725 1160 788 summatim
1190 736 1219 787 et
1241 743 1291 786 eae
1314 724 1495 806 compositae

346 827 424 890 iuter
436 847 468 888 se
479 835 625 906 repetere,
648 845 723 907 quae
747 827 778 887 in
794 831 926 896 metam„
949 831 978 886 et
1001 843 1061 896 eae,
1084 844 1159 904 quae
1180 824 1213 886 in
1228 824 1331 886 ceteris
1346 823 1431 886 libris
1446 825 1495 885 in·

347 926 516 999 veniamur,
539 924 659 987 omissis
682 924 864 1005 synonymis,
896 923 931 984 ‹le
954 941 1080 1002 quarum
1109 923 1316 985 coniunctione
1343 941 1372 1002 p.
1396 923 1436 983 41
1450 940 1494 1002 sq.

347 1032 446 1087 actum
469 1033 522 1085 eet.
568 1024 619 1085 sed
642 1023 716 1085 haec
736 1024 795 1086 iam
818 1030 890 1085 sunt
912 1021 1062 1095 vocabula,
1084 1041 1160 1104 quae
1182 1021 1214 1084 in
1237 1021 1308 1084 solis
1331 1027 1496 1084 metamor-

348 1121 491 1204 phosibue
513 1123 666 1202 leguntur:

347 1403 416 1456 olum
427 1427 462 1448 --
474 1404 597 1470 alioquin.

347 1488 416 1538 circa
433 1487 492 1538 atlv.
509 1485 561 1537 loci
580 1493 606 1538 et
624 1501 708 1556 praep.
727 1485 857 1551 temporis.

347 1567 508 1620 commodum
526 1596 559 1606 -
578 1583 636 1619 eum
655 1567 720 1632 (et).

348 1652 464 1702 incoram
481 1663 567 1718 praep.

348 1734 478 1800 inprimis.

349 1817 374 1866 et
391 1829 450 1864 cum
468 1811 541 1863 dieto.

348 1894 561 1946 reoum=inter
577 1908 614 1946 se.

350 1991 407 2027 eum
420 1999 455 2018 -=
467 1982 527 2026 tum.

348 2059 449 2109 wliue.
477 2059 591 2126 prohinc.

348 2155 409 2193 ore
425 2143 494 2191 neta.

348 2222 456 2289 dentque

349 2308 405 2358 rom

350 2384 510 2454 quodecim.

349 2472 374 2519 et
393 2491 426 2512 =
444 2475 498 2518 tum
516 2461 592 2532 (cum)
610 2466 636 2516 iu
655 2463 769 2534 epodosi.

349 2545 465 2617 equidem
482 2571 516 2590 -=
534 2544 643 2613 quidem.

343 2632 504 2700 seniorectus.

349 2712 469 2764 herculei.
505 2711 666 2763 mehercules.

350 2797 420 2846 lucr.
451 2793 502 2862 pol.

351 2880 405 2928 iam
421 2876 493 2941 faxo
511 2882 633 2942 eequeutc
652 2874 825 2928 coniunctivo.

350 2961 428 3008 immo
445 2972 509 3012 uero.

351 3037 491 3091 hincinde.
526 3039 574 3090 ltere
591 3035 656 3089 illoc.

351 3121 421 3171 lulli.
480 3109 487 3121 ’

701 2196 708 2226 Ι

483 2275 655 2340 copulativae.

932 1244 1046 1308 tromper.

934 1319 1065 1374 interdum
1082 1343 1116 1363 =
1134 1321 1247 1372 interim.

934 1407 1021 1472 magis
1038 1419 1060 1454 e.
1080 1402 1262 1470 comparativo.

932 1501 1057 1554 perquem
1075 1501 1096 1536 e.
1116 1485 1239 1551 superlat.

936 1583 985 1618 nun
1003 1567 1070 1618 olion.

933 1649 1025 1718 procrrl
1043 1647 1117 1714 (nee)
1134 1647 1217 1701 dubio.

934 1731 1009 1800 plone
1026 1751 1061 1772 ε
1079 1731 1204 1782 vollentls.

937 1819 1022 1881 quam'
1029 1817 1093 1882 pcto.

936 1899 1039 1964 propter
1056 1895 1114 1956 adv.
1134 1902 1161 1946 ct
1179 1910 1264 1962 praep.
1282 1895 1341 1946 loci.

936 1993 1045 2046 prorsus
1061 1979 1091 2026 ut
1108 1978 1222 2044 (quam).

937 2061 1063 2128 protinus.

938 2155 1017 2206 quum
1035 2157 1056 2192 e.
1075 2139 1198 2207 positivo.

938 2226 1014 2285 retro,
1031 2223 1146 2272 obuersus

939 2307 1016 2367 intur,
1034 2306 1135 2354 tuatim

938 2400 1031 2438 rurore
1048 2400 1102 2436 re-.

1187 2290 1304 2344 praepos.

903 2527 907 2542 p
937 2469 974 2518 ric
993 2474 1051 2534 poet
1068 2473 1134 2534 part.
1155 2474 1182 2518 ct
1198 2489 1232 2510 ==
1250 2473 1311 2517 tum.

937 2564 982 2599 uec
999 2549 1062 2613 (eo)
1079 2551 1167 2600 cetius.
1204 2551 1314 2614 requiror.

937 2629 1049 2681 subinde.

937 2715 997 2762 tuuc
1014 2714 1093 2762 ettam
1111 2731 1144 2756 ==
1163 2719 1304 2778 praetcrea

936 2808 1119 2859 usquequaque.

939 2879 1071 2942 monaque.

939 2959 1024 3023 utique
1041 2973 1100 3010 uon.

939 3043 1013 3103 etque
1030 3041 1140 3090 renuam.

939 3133 1027 3171 verene
1044 3135 1160 3187 praepos.

817 3213 1031 3230 *u-w—-u--o—-n

437 3279 519 3354 haec,
554 3297 629 3362 quae
659 3278 691 3340 in
720 3276 906 3360 philosophie
928 3288 1042 3342 tentum
1073 3288 1103 3341 et
1128 3278 1284 3342 rhetoricis
1312 3277 1429 3358 scriptis
1450 3294 1500 3340 re·

352 3377 525 3458 peliuntur:

352 3484 435 3531 aulem

352 3566 399 3613 eret
409 3589 442 3598 -
451 3565 506 3614 eut.

353 3645 515 3712 cumprimis.

353 3725 407 3776 uisi
424 3725 501 3790 sorte.
526 3723 670 3792 mquidem.

942 3478 1057 3545 epue'dem
1071 3501 1104 3523 =
1118 3491 1165 3540 ego
1183 3478 1293 3544 quidem.

942 3563 1112 3612 eretriureeue.

940 3641 1029 3694 hercle.
1064 3641 1163 3694 uredine
1178 3639 1269 3707 fiditer.

940 3728 1021 3774 immo
1038 3727 1105 3774 euim
1124 3725 1221 3786 (vero).

353 3810 447 3874 ptam,
465 3821 526 3873 orgo
549 3809 613 3874 qnod
633 3809 660 3859 in
678 3819 753 3860 nuum
771 3809 854 3860 locum
873 3823 915 3858 cc·
942 3804 1074 3856 interdum
1087 3822 1117 3850 a
1128 3805 1270 3856 blavellen.

381 3889 427 3952 uit
444 3888 563 3942 acimum·

354 3972 605 4038 impraesentiarum.

355 4049 532 4108 condumum.

942 3903 993 3940 noc
1010 3889 1097 3954 magu
1115 3888 1235 3950 (minua)
1253 3924 1261 3938 .
1279 3920 1285 3938 .
1305 3901 1390 3952 quom.

943 3985 1022 4036 usque
1039 3969 1108 4022 adeo.

943 4049 1011 4118 quod
1027 4053 1137 4102 uticam.

442 4194 547 4242 omnes
576 4177 629 4258 qui
650 4175 747 4238 adhuc
781 4177 817 4236 de
850 4173 1010 4253 Apuleiana
1043 4173 1211 4238 elocutione
1245 4172 1432 4254 scripserunt
1457 4171 1504 4234 vel

356 4293 444 4356 opera
466 4275 668 4340 Madaureneie
699 4274 918 4338 commentariis
948 4274 1170 4336 illustraverunt
1201 4291 1268 4336 eam
1302 4272 1503 4334 diversitatem

356 4384 407 4438 aut
433 4375 522 4454 plane
551 4374 743 4454 neglexerunt
777 4380 828 4434 aut
851 4372 924 4434 mira
948 4373 984 4434 de
1008 4392 1039 4434 ea
1073 4371 1307 4451 protulerunt1).
1353 4369 1502 4432 lloziolius

424 4513 444 4574 ¹)
463 4511 495 4562 cl.
514 4511 649 4562 Erdmnnu.
667 4509 697 4561 de
714 4509 743 4560 L.
761 4506 855 4577 Apulei
872 4503 1051 4560 Madaureurir
1068 4501 1204 4559 elocutione
1220 4523 1243 4576 p.
1263 4505 1287 4558 2.
1308 4508 1331 4558 3.
