3324 5238
607 425 826 490 ..67-

138 607 269 687 plerique
298 606 420 669 studiose
442 604 539 683 loquat
561 604 597 665 ab
621 605 742 684 Apuleio
765 606 816 685 qui
847 605 954 668 dicitur
988 606 1084 667 addita
1117 625 1183 669 esse
1206 627 1292 689 repe—

140 707 248 774 rimus,
271 721 360 785 qoore
375 721 446 768 vero
462 703 635 783 particulam
658 704 693 764 ad
709 708 829 775 miseret,
853 705 933 783 quod
956 714 1106 783 sequatur,
1130 707 1291 785 pertinere,

141 805 181 865 ita
204 811 238 865 ut
261 821 350 883 qoore
364 813 391 864 et
412 819 535 864 eorum.
555 848 561 860 .
584 819 628 863 me
643 807 755 864 miseret
771 813 965 884 exspectetur.
997 821 1095 883 neque
1111 823 1179 866 voro
1202 822 1292 884 quam

142 903 267 965 obrem
292 909 395 964 auctor
419 901 542 963 Latinus
573 903 611 963 ita
635 903 782 965 Graecum
812 913 926 966 textum
961 903 1124 982 depravarit
1157 922 1191 964 ac
1222 919 1293 983 per-

141 1003 274 1074 verterit,
297 1019 475 1080 cognoscere
490 1019 657 1080 possemus,
679 1002 736 1063 nisi
752 1003 783 1064 in
798 1001 948 1064 codicibus
972 1002 1069 1062 OPll
1091 1002 1292 1076 Bellierianis,

141 1103 170 1164 id
195 1100 275 1182 quod
298 1098 484 1161 Goldbacber
506 1101 615 1172 docuit,
631 1101 713 1162 verbi
729 1105 848 1183 μέρους
879 1103 999 1163 alteram
1028 1100 1170 1178 syllabam
1189 1101 1294 1179 neglc-

141 1209 247 1280 genter
268 1219 322 1280 per
344 1195 471 1260 scribam
487 1199 621 1260 iteratam
639 1219 703 1262 esse
720 1201 864 1262 sciremus
883 1202 1012 1283 (μέρους
1028 1193 1095 1271 οὓς
1118 1199 1295 1262 οἰκτίσειεν

142 1295 184 1362 ἄν
205 1304 278 1375 τος).
333 1315 390 1377 qua
413 1317 448 1358 er
470 1317 503 1359 re
524 1299 609 1379 plane
633 1299 775 1380 adparere
797 1319 864 1361 cum
900 1299 1103 1360 Goldbacbero
1140 1300 1293 1360 consentio

141 1398 301 1478 Apuleium
325 1396 447 1458 eandem
472 1397 629 1458 lectionem
646 1406 782 1460 secutum
799 1393 856 1471 οὓς
871 1389 1047 1459 οἰκήσειεν
1070 1392 1111 1457 ἄν
1125 1417 1176 1466 τις
1190 1396 1294 1458 Latine

142 1497 306 1560 reddidisse
322 1511 444 1575 quorum
459 1513 504 1556 me
519 1500 633 1556 miseret
655 1505 744 1577 atque
766 1514 820 1576 pro
844 1496 998 1558 deficiente
1011 1494 1145 1556 subiecto
1166 1495 1294 1575 plerique

141 1597 268 1658 mediceo
291 1596 387 1675 tepent
409 1592 608 1656 substituisse.
654 1603 804 1675 praeterea
827 1594 1009 1656 Goldbacber
1029 1595 1108 1656 locos
1124 1595 1176 1673 qui
1190 1594 1295 1674 legun-

141 1705 194 1757 tur
213 1713 241 1775 p.
258 1692 348 1754 397³
367 1692 424 1767 163
445 1693 464 1754 b
479 1694 512 1765 13
537 1692 626 1755 398b
645 1693 698 1768 103
721 1693 813 1755 sobo
837 1693 875 1754 31
894 1694 1148 1765 commemoravit,
1163 1703 1197 1755 ut
1213 1693 1294 1755 illam

143 1794 317 1874 opinionem
334 1793 497 1864 firmarent,
525 1792 680 1872 praecipue
697 1811 765 1855 vero
789 1812 816 1872 p.
836 1792 927 1854 3931)
955 1795 1002 1865 14,
1026 1794 1136 1873 dequo
1154 1790 1216 1854 loco
1238 1811 1294 1854 ne-

142 1910 294 1974 quaquam
311 1891 408 1952 virum
422 1891 543 1951 doctum
559 1892 644 1969 sequi
660 1910 716 1953 nos
732 1911 820 1971 posse
836 1893 923 1952 modo
939 1891 1217 1954 demonstravimus.
1243 1891 1293 1952 sed

142 1992 212 2053 licet
234 2009 282 2054 res
304 2006 366 2051 non
389 1989 570 2068 gravissimis
593 1990 777 2068 argumentis
799 1992 1004 2063 confirmetur,
1034 1999 1134 2053 tamen
1163 1990 1212 2051 illo
1236 2007 1295 2051 uno

141 2092 206 2152 loco
229 2088 349 2170 probari
372 2087 552 2150 arbitramur
574 2106 642 2150 eum
666 2088 796 2150 codicem
818 2089 1036 2166 Aristotelicum,
1067 2107 1102 2149 ex
1134 2107 1193 2167 quo
1222 2088 1296 2150 bber

143 2187 222 2271 περὶ
245 2183 372 2270 κόσμου
394 2188 554 2249 translatus
570 2195 615 2249 est
635 2187 666 2248 in
683 2185 822 2250 Latinum
840 2205 1018 2259 sermonem,
1041 2188 1169 2249 similem
1192 2187 1295 2260 luisse,

143 2288 223 2368 quod
246 2288 283 2348 ad
306 2303 454 2347 summam
477 2286 637 2349 verborum
661 2287 775 2358 attinet,
805 2295 908 2350 nostro
934 2288 1072 2349 Vaticano
1096 2286 1175 2358 316,
1205 2303 1293 2364 quem

143 2387 256 2449 bekker
284 2385 370 2447 litera
400 2385 424 2444 0
451 2384 585 2464 signauit.
620 2387 673 2448 alia
706 2387 811 2448 indicia
847 2387 982 2448 eiusdem
1016 2385 1199 2447 condicionis
1235 2402 1295 2446 non

142 2486 253 2560 inveni,
277 2485 329 2546 sed
357 2499 451 2545 unum
477 2484 575 2546 locum
612 2483 644 2544 E.
667 2485 801 2546 llobdius
835 2487 933 2547 dium.
966 2485 1043 2546 liter.
1067 2483 1186 2545 lenens.
1213 2481 1295 2544 1876

142 2604 170 2665 p.
194 2583 258 2646 782
281 2582 412 2664 protulit,
436 2580 574 2662 passo
600 2582 647 2656 tt,
671 2601 729 2663 quo
752 2583 848 2656 Qlto
872 2580 992 2663 λάβιον
1014 2583 1077 2644 sive
1092 2580 1219 2663 λοβίων
1240 2599 1295 2660 pro

145 2680 282 2765 Ἄλβιον
313 2681 444 2751 tradunt,
479 2681 639 2762 Apuleiana
665 2683 765 2745 omnia
800 2703 871 2744 mss.
899 2699 943 2763 cp.
973 2683 1002 2753 7,
1029 2683 1067 2742 10
1095 2682 1167 2742 item
1196 2681 1297 2743 lobeoo

144 2784 265 2846 babent.
311 2781 451 2862 Apuleius
473 2791 571 2844 autem
595 2783 659 2862 ipse
682 2791 715 2844 ut
738 2784 928 2862 depravatum
951 2781 1084 2844 codicem
1107 2779 1229 2858 legerit,
1262 2788 1297 2840 ut

143 2884 293 2964 exemplar
316 2889 488 2961 corruptum
520 2880 695 2962 pervolvens
728 2879 836 2943 librum
859 2883 963 2945 Latine
997 2881 1115 2942 lecerit:
1149 2897 1202 2940 cur
1233 2897 1296 2940 non

143 2983 214 3045 locis
237 2982 377 3045 obscuris·
405 3000 458 3063 pro
481 2983 590 3062 ingenii
618 2981 793 3054 subtilitate,
828 3001 881 3062 pro
911 2981 1019 3043 mentis
1043 2979 1179 3042 acumine
1203 2996 1295 3039 novas

143 3081 281 3144 formarit
304 3082 468 3144 sententias
491 3081 716 3143 difficultatesve
737 3081 866 3154 sustulit,
889 3082 914 3142 is
938 3080 990 3160 qui
1012 3079 1122 3158 ubique
1145 3078 1314 3140 sermonis.

144 3199 264 3243 cursum
286 3182 368 3243 nullo
391 3182 527 3261 negotio,
561 3181 643 3243 nullo
676 3181 776 3242 labore
803 3181 974 3261 expeditum
998 3180 1173 3242 continuare
1194 3178 1296 3250 valuit,

143 3280 196 3340 sed
220 3279 254 3340 ad
278 3279 364 3342 verbe
388 3279 531 3361 expressit
553 3297 610 3354 res,
633 3297 709 3360 qnae
723 3279 788 3359 ipse
811 3297 868 3360 qua
884 3281 999 3341 ratione
1013 3288 1098 3359 aptae
1114 3295 1148 3340 ac
1169 3294 1296 3340 conexae

146 3387 246 3440 essent
266 3378 347 3441 inter
369 3397 400 3441 se
422 3379 589 3459 perspicere
611 3387 672 3439 non
697 3376 817 3458 potuit?
840 3396 1019 3458 quamquam
1035 3379 1124 3456 igitur
1139 3375 1296 3457 Apuleium

146 3475 241 3555 ipsum
263 3494 353 3560 pravo
377 3478 477 3538 codice
499 3477 553 3539 niti
575 3477 707 3558 potuisse
729 3476 791 3537 veri
813 3476 893 3538 haud
916 3476 1059 3538 dissimile
1083 3485 1139 3548 est,
1162 3492 1296 3554 praeser-

146 3574 199 3635 tim
222 3593 290 3637 cum
313 3573 428 3654 antiqui
451 3576 614 3655 scriptores
638 3577 815 3656 plerumque
838 3573 981 3636 librorum
1013 3576 1200 3654 singulorum
1222 3587 1296 3636 con*

145 3673 293 3738 dicionem
316 3679 397 3736 recte
427 3670 609 3752 distinguere
631 3674 794 3744 nescirent,
828 3681 930 3744 tamen
964 3683 1113 3736 auctorem
1147 3689 1297 3753 quemque

144 3773 331 3853 ingeniosum
355 3773 550 3835 difficiliorem
584 3775 670 3836 etiam
705 3791 769 3833 rem
805 3773 911 3834 melius
947 3781 976 3835 et
1005 3773 1182 3854 prudentius
1207 3792 1297 3852 expe-

144 3872 253 3934 divisse
282 3872 379 3934 iudico
409 3889 498 3952 quam
531 3871 615 3934 illum
638 3865 740 3936 Graeci
763 3871 831 3933 libri
859 3871 1060 3951 interpretem.
1107 3872 1296 3937 notissimum

144 3978 190 4032 cst
211 3971 300 4032 simili
323 3971 411 4032 modo
426 3971 540 4032 bivium
556 3972 587 4032 in
602 3971 637 4033 iis
653 3971 746 4044 libris,
772 3969 821 4050 qui
838 3989 873 4032 er
888 3970 991 4050 Polybi
1011 3971 1130 4034 historia
1147 3975 1296 4054 desumpti

144 4077 228 4141 sunt,
263 4070 294 4130 in
327 4069 443 4149 magnis
477 4070 629 4131 erroribus
663 4077 810 4135 versatum
840 4087 916 4139 esse,
950 4069 1010 4130 sive
1035 4087 1110 4148 quae
1134 4073 1296 4150 elegantius

145 4177 319 4232 narraturus
342 4176 405 4230 orat
427 4178 456 4230 et
482 4170 580 4231 studio
614 4169 765 4247 ornandae
798 4169 939 4231 orationis
975 4170 1097 4230 mutavit
1131 4171 1191 4231 sive
1220 4189 1296 4250 quae

145 4268 268 4330 comitio
298 4287 332 4332 ac
359 4270 509 4332 voluntate
532 4269 734 4332 Romanorum
763 4270 929 4332 commodis
959 4269 1091 4334 serviens
1119 4271 1296 4350 depravavit,

145 4368 222 4431 sicut
245 4367 280 4427 ll.
304 4367 457 4430 Nissenius
480 4369 543 4430 crit.
568 4377 683 4449 quaest.
718 4370 754 4431 de
787 4370 920 4432 lontibus
954 4379 1077 4450 quartae
1113 4379 1142 4442 et
1176 4369 1296 4450 quintae

145 4469 262 4532 decadis
283 4467 424 4530 Livianae
445 4485 473 4548 p.
500 4468 623 4529 18-=35
640 4469 747 4531 docuit.
793 4471 845 4538 sed
861 4487 1041 4551 quamquam
1065 4469 1180 4550 saepius
1197 4469 1295 4531 Livius

1103 4571 1135 4626 5*
