3324 5238
839 405 1061 470 „gg-

378 600 482 662 parum
505 591 640 644 accurate
662 583 693 644 in
716 583 860 643 vertendo
883 591 1042 662 occupatus
1064 582 1131 654 luit,
1154 589 1256 645 tamen
1279 599 1426 664 nusquam
1450 583 1536 646 eius·

376 681 458 743 modi
482 691 511 744 et
533 699 635 742 rerum
659 689 690 742 et
711 679 922 742 vocabulorum
946 679 1136 742 confusiones
1152 681 1344 744 inveniuntur
1365 682 1471 762 quales
1493 701 1534 745 ex

374 780 450 842 libro
473 781 509 842 de
532 781 645 840 mundo
668 780 858 859 protulimus.
903 786 991 859 atque
1014 777 1112 842 Livius
1147 780 1177 842 in
1199 780 1280 842 ltalia
1311 789 1400 844 natus
1423 780 1531 842 Latina

374 879 473 958 lingua
496 877 642 950 eruditus,
665 887 810 956 quantum
834 876 944 940 Graece
966 877 1087 955 sciebat,
1110 878 1223 940 Romae
1245 898 1260 939 a
1284 880 1532 960 praeceptoribus

374 977 524 1047 didicerat,
547 995 615 1038 curn
632 977 773 1057 Apuleius
790 977 909 1039 natione
932 977 1001 1039 bier
1023 987 1052 1038 et
1074 978 1105 1038 in
1128 977 1222 1057 patria
1246 987 1343 1041 suaet
1359 979 1390 1040 in
1406 980 1531 1042 Graecia

374 1077 467 1138 literis
490 1085 520 1138 et
542 1076 639 1156 lingua
663 1076 841 1140 Graecorum
865 1078 985 1156 penitus
1007 1077 1140 1140 imbutus
1163 1087 1250 1140 esset

459 1173 566 1257 quodsi
592 1176 633 1238 ita
666 1177 703 1238 de
731 1176 826 1238 batim
863 1177 991 1238 auctoris
1027 1177 1150 1240 scientia
1183 1196 1217 1240 ac
1249 1178 1367 1257 linguae
1399 1178 1529 1242 Graecae

374 1279 481 1362 peritia
504 1275 706 1356 suspicionem
729 1275 882 1348 habemus,
905 1275 987 1338 facile
1009 1277 1113 1338 eadem
1137 1277 1173 1338 de
1199 1295 1286 1338 causa
1315 1277 1465 1339 interdum
1489 1278 1527 1340 ab

373 1399 408 1441 eo
442 1376 544 1439 Graeci
577 1373 752 1454 exemplaris
786 1374 951 1435 sententias
986 1374 1209 1453 praetermissas
1242 1395 1309 1436 esse
1343 1375 1527 1453 colligamus,

372 1476 452 1557 quod
475 1477 537 1538 sire
563 1474 634 1554 qnid
669 1473 782 1552 singula
816 1471 905 1535 verba
940 1475 1072 1536 valerent
1104 1475 1166 1536 sire
1200 1476 1270 1555 quid
1305 1493 1409 1538 eorum
1443 1484 1527 1539 totus

372 1593 505 1639 conexus
534 1589 596 1634 non
628 1578 709 1634 recte
736 1572 857 1634 videret.
903 1589 995 1651 quare
1028 1574 1123 1635 oratio
1156 1591 1244 1653 saepe
1277 1575 1354 1635 male
1387 1575 1525 1638 cohaeret

372 1675 494 1738 confusa
517 1691 551 1734 ac
573 1669 754 1750 perturbata,
779 1679 811 1731 ut
832 1678 912 1730 recta
936 1671 1093 1732 verborum
1117 1671 1299 1734 continuatio
1323 1679 1354 1734 et
1375 1675 1524 1735 sermonis

372 1771 555 1853 perpetuitas
590 1768 785 1830 desideretur.
835 1767 963 1831 omissae
997 1786 1066 1830 vero
1100 1779 1170 1832 sunt
1203 1770 1426 1832 enuntiationes
1461 1772 1524 1851 ple·

371 1889 503 1951 rumque
527 1870 561 1931 iis
584 1867 666 1942 locis,
690 1867 798 1946 quibus
821 1867 960 1929 vocabula
995 1869 1065 1930 satis
1099 1870 1239 1932 inusitata
1263 1870 1359 1949 posita
1387 1870 1449 1931 sive
1476 1889 1525 1932 res

370 1971 544 2049 singulares,
568 1986 630 2031 non
653 1967 792 2030 omnibus
807 1968 895 2030 tritae
917 1967 954 2030 ab
976 1969 1087 2030 Graeco
1110 1969 1254 2048 scriptore
1278 1975 1420 2032 tractatae
1443 1979 1525 2034 sunt

370 2071 411 2132 ita
434 2089 479 2150 cp.
504 2068 591 2141 324
613 2076 771 2149 postquam
794 2067 849 2130 deo
873 2069 973 2129 omnia
996 2068 1145 2130 credenda
1161 2086 1236 2141 esse,
1259 2086 1335 2148 quae
1347 2069 1525 2142 acciderent,

371 2171 560 2242 dictumest,
594 2169 640 2231 cui
660 2168 751 2230 tutela
775 2167 862 2230 huius
886 2167 990 2229 mundi
1018 2177 1047 2228 el
1073 2186 1143 2230 cura
1166 2176 1253 2238 esset,
1283 2167 1348 2228 siue
1370 2168 1428 2230 ulla
1451 2187 1526 2230 con-

371 2268 525 2330 iunctione
549 2285 670 2329 narrare
704 2265 802 2346 pergit
836 2264 969 2327 Phidiam
1004 2265 1035 2326 in
1070 2266 1163 2344 clipeo
1198 2265 1347 2326 Minervae
1382 2267 1429 2328 sui
1462 2268 1524 2330 oris

369 2367 530 2446 imaginem
554 2365 593 2427 ita
616 2365 779 2442 colligasse,
802 2371 874 2424 uta
902 2363 983 2426 nullo
1011 2363 1141 2442 separari
1164 2370 1273 2444 posset.
1318 2372 1422 2425 natura
1444 2381 1523 2444 quae

369 2466 410 2528 sit
432 2467 494 2528 citu
516 2463 730 2540 similitudinis,
761 2470 878 2524 tantum
908 2481 944 2524 ex
977 2461 1076 2524 verbis
1098 2462 1217 2526 Graecis
1239 2461 1427 2541 cognoscitur
1459 2481 1522 2526 non

368 2574 431 2626 tam
449 2564 593 2634 obscuris,
618 2563 670 2624 sed
694 2561 849 2624 nonnullis
861 2562 1002 2634 insolitis,
1027 2581 1102 2643 quae
1124 2571 1191 2645 post
1211 2561 1397 2643 Empedoclis
1419 2579 1521 2625 versus

372 2684 388 2725 a
411 2663 516 2725 Latino
539 2663 649 2725 omissa
671 2670 756 2734 sunt,
783 2680 812 2741 p.
837 2659 929 2723 3991)
952 2660 994 2721 29
1016 2681 1061 2742 sq.
1107 2659 1194 2724 ἔοικε
1216 2659 1254 2726 δὲ
1275 2657 1389 2735 ὅντως,
1413 2659 1444 2740 el
1465 2666 1521 2722 καὶ

369 2759 581 2844 μικρότερον,
611 2755 844 2842 παραβάλλειν
869 2756 927 2822 τόν
954 2756 1081 2840 κόσμον
1105 2758 1175 2833 τοῖς
1197 2754 1363 2844 όμφοιλοτς
1384 2757 1521 2842 dereps-

369 2883 442 2935 νοις
463 2869 536 2934 τοῖς
558 2857 594 2923 ἐν
614 2867 689 2931 ταῖς
710 2856 836 2941 pallor
859 2856 988 2933 λίθοις,
1012 2861 1047 2920 ol
1067 2858 1165 2941 μέσοι
1188 2861 1335 2940 κείμενοι
1358 2856 1442 2921 κατὰ
1462 2857 1522 2940 τόν

369 2961 416 3034 εἰς
439 2955 593 3039 ἑκάτερον
613 2957 713 3039 μέρος
736 2955 866 3020 ἔνόεσιν
888 2954 924 3020 ἓν
946 2953 1092 3039 ἁρμονίᾳ
1120 2956 1257 3040 τηροῦσι
1287 2956 1343 3020 καὶ
1373 2955 1409 3020 ἐν
1429 2952 1521 3028 τάξει

368 3057 405 3120 τὸ
428 3058 497 3120 πᾶν
529 3055 639 3140 σχῆμα
672 3055 728 3138 τῆς
760 3051 906 3138 ψαλϊόος
940 3054 996 3118 eol
1030 3051 1194 3139 ἀκίνητον.
1239 3056 1282 3118 sic
1304 3057 1426 3120 demum
1449 3075 1519 3118 san·

368 3157 478 3220 tentiae
510 3165 591 3217 recte
624 3153 799 3216 cohaerent:
845 3155 974 3216 mundus
1007 3153 1177 3216 aedificatus
1211 3164 1256 3216 est
1289 3162 1323 3216 ut
1355 3155 1453 3218 fornix
1485 3175 1521 3217 ex

366 3255 523 3337 lapidibus,
557 3271 685 3334 quorum
718 3253 743 3316 si
777 3260 887 3336 certos
909 3273 945 3314 ex
978 3262 1040 3314 tota
1076 3255 1212 3331 congerie
1246 3253 1388 3334 surripis,
1421 3254 1520 3318 fomis

367 3355 533 3440 evertitur3
555 3354 595 3415 ita
618 3351 733 3415 Phidias
755 3351 891 3415 similiter
912 3352 998 3414 faciei
1030 3370 1101 3414 suae
1134 3352 1293 3432 imaginem
1324 3353 1357 3416 in
1389 3353 1517 3434 clipeum

367 3455 451 3518 illum
473 3454 580 3532 inruit,
603 3471 693 3534 quam
716 3452 741 3514 si
771 3453 838 3532 quis
873 3453 1008 3516 excidere
1042 3461 1165 3517 conatus
1199 3461 1293 3526 esset,
1327 3454 1518 3518 simulacrum

366 3562 464 3617 totum
492 3553 676 3614 destructum
700 3561 789 3614 esset.
834 3553 932 3616 locum
955 3568 1036 3625 vero,
1064 3551 1090 3615 si
1116 3551 1241 3614 fornicis
1269 3552 1366 3617 simile
1388 3553 1520 3627 tollatur,

367 3660 467 3716 mente
488 3650 567 3713 baud
582 3659 664 3714 recte
686 3651 799 3732 percipi
821 3669 911 3731 posse
938 3651 997 3714 iam
1019 3651 1180 3714 lloelscher
1201 3652 1221 3712 l.
1236 3651 1255 3712 l.
1279 3670 1309 3731 p.
1328 3652 1364 3714 15
1388 3652 1516 3716 adnotat.

451 3756 605 3830 praeterea
627 3757 661 3812 ut
683 3766 776 3812 unum
797 3750 895 3812 locum
911 3749 1056 3824 adferam,
1079 3768 1168 3830 quem
1184 3749 1323 3812 Latinum
1339 3750 1515 3830 scriptorem

366 3847 536 3930 praeteriise
558 3848 702 3930 suspicor,
726 3847 806 3928 quod
829 3864 878 3910 res
902 3848 929 3911 ei
950 3847 1070 3926 ignotae
1087 3846 1336 3921 describerentur,
1364 3849 1516 3921 miramur,

366 3947 445 4028 quod
467 3946 499 4008 in
521 3965 654 4028 prooem.
685 3945 849 4024 p.106,1
875 3965 920 4026 sq.
955 3954 1022 4026 post
1053 3945 1143 4008 verba
1176 3964 1245 4008 οσοι
1279 3964 1344 4008 oum
1376 3947 1516 4010 eoadem

365 4047 491 4110 homines
517 4051 630 4127 deaque
649 4045 811 4126 penetralia
834 4062 951 4123 corpore
979 4045 1059 4106 odire
1091 4063 1150 4110 reon
1181 4055 1306 4126 posceret,
1339 4056 1371 4107 ct
1403 4056 1516 4108 terreno

369 4145 512 4209 domicilio
545 4147 643 4210 relicto
676 4144 743 4208 illos
775 4147 901 4225 regiones
932 4149 1103 4224 imptoermc
1135 4145 1243 4207 Graeca
1277 4165 1306 4225 p.
1342 4144 1439 4208 391³
1476 4146 1515 4207 10

365 4242 522 4327 καθάπερ
545 4241 579 4308 οἳ
601 4240 738 4327 ἀνόητοί
760 4265 842 4307 ποτε
868 4237 1028 4308 ἐπενόουν
1057 4241 1222 4308 alodem
1245 4244 1418 4324 sublingua
1453 4251 1515 4308 n'on

364 4347 502 4422 reddidit,
525 4363 706 4428 quamquam
729 4345 758 4408 id
782 4345 952 4424 exemplum
983 4344 1238 4408 accommodatum
1273 4351 1317 4408 est
1350 4363 1384 4405 ac
1418 4343 1515 4406 mani·

366 4445 487 4519 festum,
510 4445 575 4525 ipse
598 4464 667 4508 vero
701 4444 811 4525 alioqui
846 4462 921 4524 quae
953 4443 1061 4507 similia
1094 4441 1291 4507 conteruntur
1324 4459 1515 4521 nequaquam
