3324 5238
631 418 852 482 -91-

172 603 270 668 Aureli
292 599 427 671 Victoris,
449 597 500 677 qui
522 596 596 662 labo
618 593 802 676 perhibetur,
825 594 907 672 otigo
920 591 1021 672 gentis
1037 591 1188 656 Romanae
1211 592 1318 657 ceteris

172 701 289 781 seriptis
311 697 437 776 praelixa
456 703 515 760 est.

257 794 394 877 subtilius
423 811 504 870 vero,
537 791 646 872 quibus
675 792 862 871 temporibus
896 796 999 854 auctor
1032 787 1100 850 libri
1133 787 1170 850 de
1204 787 1318 852 mundo

172 893 283 964 vixerit,
307 891 421 956 deliniri
445 899 554 971 petest,
576 890 720 970 quoniam
741 888 925 969 Augustinus
934 887 959 967 1)
982 888 1015 950 de
1037 889 1148 950 ciuitate
1171 887 1218 948 dei
1236 885 1318 958 lut

173 1013 210 1054 en
232 1011 269 1052 eo
291 1007 385 1054 unum
410 990 508 1054 locum
532 989 569 1050 de
592 988 759 1052 mutatione
782 998 873 1068 atque
906 985 1031 1052 interim
1058 984 1194 1048 omnium
1216 1001 1317 1048 rerum

172 1099 360 1152 terrenarum
383 1087 463 1150 velut
485 1087 638 1167 Apuleiani
660 1085 726 1150 libri
757 1085 911 1167 proprium
939 1084 1101 1163 excerpsit,
1135 1099 1205 1144 eum
1228 1099 1318 1160 quem

173 1206 228 1250 nos
250 1187 328 1266 apud
351 1183 585 1250 Goldbacherum
601 1185 728 1266 legimus
744 1204 773 1264 p.
795 1183 866 1255 131,
882 1181 1038 1253 8—132,
1053 1182 1086 1242 1:
1116 1181 1197 1244 unde
1217 1181 1320 1260 sequi-

173 1295 231 1356 tur,
253 1293 288 1346 ut
309 1292 338 1346 et
360 1284 441 1355 liber,
467 1284 517 1364 qui
540 1300 623 1344 nunc
645 1291 750 1354 exstet,
777 1283 837 1342 iam
860 1279 983 1360 terti0²)
1005 1280 1050 1342 vel
1073 1288 1179 1359 quarto
1203 1279 1320 1342 saeculo

174 1385 258 1446 lictus
281 1385 329 1456 sit,
346 1417 385 1425 —
409 1383 515 1444 eodem
539 1382 602 1442 lere
618 1390 762 1461 tempore,
785 1398 845 1459 quo
868 1380 975 1440 tertius
998 1378 1036 1438 de
1060 1378 1181 1439 Platone
1205 1387 1234 1438 et
1257 1377 1321 1439 eius
1370 1431 1372 1436 .

174 1483 310 1561 dogmate
338 1480 413 1542 liber
445 1490 527 1541 ortus
561 1478 640 1557 estl)
677 1513 718 1523 —
750 1486 781 1539 et
802 1477 959 1555 Augustini
992 1485 1087 1537 aetate
1121 1475 1206 1538 solito
1239 1493 1321 1536 more

82 1577 84 1584 ’
175 1581 299 1659 Apuleio
315 1578 446 1641 tributus
462 1578 510 1639 sit.
541 1595 727 1657 nequaquam
752 1594 821 1636 vero
837 1593 870 1636 ea
887 1574 1061 1636 condicione
1085 1572 1322 1635 commovebitur

174 1678 341 1757 quisquam,
365 1686 398 1739 ut
418 1687 541 1756 respuat
563 1695 626 1737 eam
650 1675 834 1755 quaestionis
855 1673 1043 1744 solutionem,
1066 1689 1154 1749 quam
1173 1690 1227 1732 nos
1250 1689 1321 1751 pro-

176 1776 306 1836 tulimus.
352 1786 468 1855 quanto
488 1775 567 1835 enim
597 1774 801 1835 admirabilius
831 1781 877 1834 est
906 1771 1122 1845 Quintilianum
1151 1771 1197 1842 lV,
1223 1769 1322 1843 1‚ue;

174 1872 223 1940 lll,
246 1872 276 1941 3,
300 1871 342 1929 89
375 1871 553 1930 invectivam
587 1871 707 1932 Sallusti
741 1873 773 1930 in
807 1871 993 1941 Ciceronem,
1025 1869 1201 1948 scripturam
1236 1869 1322 1948 plane

175 1974 332 2045 agrestem,
354 1966 515 2037 horridam,
538 1966 691 2040 incultam,
714 1967 834 2028 Sallusti
849 1966 944 2046 Crispi
963 1967 1092 2039 duxisse,
1116 1967 1180 2028 eius
1204 1968 1253 2046 qui
1277 1967 1324 2026 vix

174 2072 294 2127 centum
319 2064 405 2124 annis
428 2073 497 2125 ante
521 2062 654 2125 lloreret!
678 2074 768 2144 atque
790 2065 847 2125 hee
862 2065 982 2143 quidem
1006 2082 1081 2145 opus
1096 2065 1232 2144 spurium
1248 2084 1322 2136 esse,

176 2161 312 2242 quisquis
335 2178 407 2222 sana
425 2169 527 2222 mente
549 2162 677 2242 inspexit
699 2171 820 2224 nostrae
842 2164 943 2225 aetatis
965 2163 1236 2243 grammaticorum,
1259 2163 1323 2225 sine

176 2258 372 2321 haesitatione
394 2259 594 2329 conclamavit,
617 2261 654 2321 de
676 2269 795 2322 auctore
817 2260 883 2322 libri
907 2262 943 2322 de
966 2262 1078 2323 munde
1100 2262 1199 2322 cuncti
1229 2279 1323 2340 usque

176 2359 211 2418 ad
235 2358 315 2418 hunc
339 2357 415 2418 diem
441 2368 624 2419 erraverunt.
670 2359 722 2420 sed
745 2359 787 2420 illi
809 2359 864 2438 ipsi
888 2360 1016 2439 temperi
1040 2368 1100 2420 tota
1123 2359 1224 2439 scripti
1247 2361 1322 2421 ratio

177 2455 359 2516 conveniens
372 2465 426 2528 est,
449 2475 508 2535 quo
521 2458 688 2538 plerosque,
705 2458 756 2537 qni
771 2457 923 2518 literarum
940 2456 1046 2518 studiis
1062 2458 1196 2536 occupati
1212 2470 1322 2528 essent,

176 2554 338 2633 Apuleiana
361 2554 422 2615 sive
444 2554 642 2618 Frontoniana
666 2556 796 2618 dictione
829 2565 890 2616 tam
924 2555 1084 2616 delectatos
1118 2574 1185 2618 esse
1219 2573 1323 2620 omues

176 2652 275 2714 sciunt
298 2670 386 2730 quam
410 2653 518 2714 imitari
542 2672 605 2714 eant
634 2664 722 2735 atque
750 2655 889 2717 aemulari
917 2653 1113 2715 consuevisse.
1159 2661 1233 2716 tunc
1255 2673 1324 2715 vero

176 2749 310 2812 Faustini
334 2769 453 2830 quoque
477 2770 588 2813 numen
612 2753 644 2812 in
667 2755 820 2833 prooemio
843 2753 977 2813 additum
1000 2759 1045 2812 est
1063 2753 1124 2813 sive
1147 2753 1183 2813 ab
1207 2771 1250 2822 eo,
1273 2753 1323 2832 qui

178 2848 286 2909 librum
311 2848 478 2919 elaboravit,
506 2850 567 2910 sive
601 2850 637 2910 ab
666 2852 872 2930 grammatico,
907 2850 958 2931 qui
980 2850 1060 2912 inter
1081 2849 1186 2930 Apulei
1214 2851 1324 2932 scripta

177 2946 286 3008 librum
309 2947 346 3008 de
367 2949 480 3009 mundo
503 2948 637 3021 inseruit,
662 2958 695 3010 ut
718 2969 755 3010 ne
783 2949 860 3011 docti
894 2949 1013 3028 quidem
1048 2949 1102 3011 viri
1136 2949 1171 3009 de
1204 2958 1323 3010 auctore

176 3044 311 3106 dubitare
334 3045 485 3108 auderent.

263 3160 318 3201 nos
340 3161 424 3214 vero,
453 3152 487 3206 ut
514 3152 696 3226 perorantes,
730 3164 806 3225 quae
829 3145 1053 3226 disputavimus,
1083 3144 1214 3208 breviter
1241 3165 1324 3208 com-

177 3238 359 3317 plectamur,
392 3240 422 3300 id
456 3243 662 3306 contendimus
695 3253 785 3325 atque
818 3245 1040 3307 confirmavisse
1074 3245 1160 3308 nobis
1188 3246 1324 3308 videmur

176 3336 207 3396 1,
246 3337 451 3416 Apuleium
487 3339 771 3405 Madaurensem
816 3344 955 3405 librum
1000 3344 1040 3405 de
1077 3346 1214 3406 mundo
1251 3362 1325 3406 non

177 3434 391 3513 scripsisse,
415 3437 467 3496 sed
491 3439 566 3500 sieut
588 3449 691 3502 auctor
714 3442 817 3503 Graeci
839 3441 918 3525 περὶ
940 3440 1066 3522 κόσμου
1095 3442 1162 3504 libri
1189 3460 1249 3505 non
1273 3463 1324 3504 ex-

176 3534 309 3612 ploratus
334 3538 380 3592 est
402 3531 443 3591 ita
465 3531 603 3595 Latinum
627 3557 747 3618 quoque
769 3539 905 3618 ignotum
922 3543 1098 3622 scriptorem
1114 3551 1203 3622 atque
1224 3543 1324 3604 incer-

176 3641 241 3692 tum
265 3629 352 3691 tertio
375 3648 403 3709 p.
428 3629 494 3690 Chr.
518 3648 547 3692 n.
577 3635 694 3698 saecule
716 3637 829 3700 Romae
861 3650 1029 3704 versantem
1060 3660 1128 3704 eum
1159 3660 1195 3702 ex
1223 3641 1324 3703 codice

177 3727 352 3790 Beklreriani
387 3726 411 3787 0
440 3729 485 3788 vel
515 3729 541 3789 R
572 3731 721 3795 simillimo
755 3736 785 3795 in
818 3739 1004 3817 popularium
1037 3758 1160 3821 suorum
1195 3739 1322 3818 linguam

227 3959 348 4090 ,litqm
367 3977 417 4012 uno
435 3961 485 4012 loco
503 3963 628 4030 Apuleius
644 3965 751 4016 breuiter
768 3971 875 4034 stringit
893 3974 919 4021 in
938 3988 966 4022 eo
983 3974 1070 4038 libello,
1089 3991 1163 4040 quem
1181 3973 1211 4025 de
1229 3973 1323 4024 mundo

178 4055 230 4090 scre
248 4057 271 4090 st
301 4057 337 4092 s.

228 4056 265 4184 γ’)
285 4058 395 4175 stitisse
415 4125 464 4175 iam
483 4124 624 4175 Alexandri
642 4125 734 4177 Severi
752 4136 845 4194 aetate,
864 4147 911 4195 qua
929 4130 1144 4186 frumentationes
1163 4137 1323 4187 intermissas

178 4219 234 4253 esse
252 4203 335 4253 videri
354 4204 383 4255 0.
403 4205 588 4256 Hirschfeldius
606 4207 624 4257 l.
642 4207 660 4257 l.
679 4224 703 4274 p.
722 4209 755 4258 20
773 4207 818 4271 (cl.
835 4211 892 4260 adn.
906 4213 951 4275 97)
968 4217 1132 4266 monstravit.
1168 4234 1224 4268 nam
1242 4218 1325 4284 porti-

178 4301 222 4334 cus
240 4283 370 4335 Minuciae
387 4287 514 4337 mentione
542 4287 672 4338 etiamtum
700 4289 870 4356 imperatores
893 4292 992 4343 civibna
1017 4293 1170 4348 frumentum
1188 4299 1324 4362 dilargitos

179 4381 235 4416 esse
253 4366 309 4414 sive
328 4366 426 4415 modico
444 4369 528 4432 pretio
549 4368 696 4421 vendidisse
715 4373 846 4436 probatur.

245 4447 265 4505 ⁸)
285 4443 351 4496 conl.
371 4446 568 4501 llildebrandius
586 4449 648 4502 edit.
667 4453 773 4504 maioris
792 4454 856 4520 prol
874 4471 898 4520 p.
916 4453 1007 4508 XLlV.
