3324 5238
568 369 862 459 'uca-

264 569 447 634 Goldbacher
468 572 486 632 l.
503 572 522 632 l.
545 591 574 652 p.
598 571 659 634 680
682 571 772 634 alium
806 573 903 635 locum
936 573 1101 648 illustravit,
1136 593 1195 654 quo
1228 572 1327 654 διχῶς

178 673 244 735 voci
274 671 398 734 Latinus
433 677 535 732 auctor
567 670 671 733 lalsam
705 672 859 734 notionem
894 671 1029 734 subiecit.
1078 690 1148 735 nam
1182 692 1257 754 quae
1291 675 1328 736 dc

178 770 313 852 Syrtibus
338 770 478 850 leguntur
514 789 541 850 p.
567 767 628 830 393
651 789 668 832 a
691 769 801 850 λ3ερ.
839 768 973 853 πρῶτον
1008 768 1069 852 μὲν
1105 765 1162 836 οὖν
1197 770 1326 851 λέγεται

178 866 452 948 ἓγκεκολπῶσθαι
476 865 511 930 ἐν
543 866 637 946 δεξιᾷ
669 866 852 942 sucitavit
887 866 945 942 τὰς
960 862 1175 952 Ἡρακλείους
1208 866 1329 954 στήλας

179 967 301 1049 διχῶς
322 967 370 1041 είς
392 960 452 1041 τοὶς
473 965 676 1049 καλουμένας
698 964 845 1049 Σύρτεις,
869 961 914 1032 ὧν
936 966 995 1051 τὴν
1015 965 1077 1051 μὲν
1092 963 1248 1052 μεγάλην,
1270 967 1328 1052 τὴν

179 1066 217 1131 δὲ
238 1065 359 1150 μικρὰν
385 1063 553 1130 καλοῦσιν.
593 1059 652 1128 tut
683 1063 851 1148 udcspa1)
885 1063 921 1130 δὲ
956 1061 1062 1130 οὐκέτι
1085 1060 1209 1148 δμοίως
1242 1062 1329 1131 διπο-

179 1161 404 1249 κολποδμενος
426 1167 500 1248 τρία
523 1173 618 1228 ποιεί
633 1157 761 1247 πελάγη
777 1162 815 1227 τό
829 1186 865 1228 τε
879 1161 1065 1248 Σαρδόνιον
1086 1158 1143 1227 καὶ
1163 1163 1200 1228 cti
1222 1163 1328 1228 Γαλα-

179 1265 271 1329 τικὸν
293 1260 493 1346 καλούμενον
514 1262 570 1325 καὶ
587 1258 724 1346 Ἀδρίαν
745 1264 777 1325 in
800 1263 906 1326 Latino
928 1264 1003 1326 libro
1025 1283 1109 1327 versa
1139 1271 1210 1326 suut
1232 1285 1278 1345 cp.
1299 1266 1329 1340 6,

117 1444 119 1447 ¹
180 1363 306 1428 tit-25
325 1369 453 1446 primum
475 1367 563 1445 ipitur
596 1383 615 1425 c
647 1363 785 1425 columnis
818 1364 1018 1443 occipere-tibus
1052 1364 1217 1437 deutruml)
1253 1366 1329 1427 letus

181 1465 315 1528 duobus
336 1463 478 1526 ciuibus
502 1465 639 1524 meuemis
661 1466 800 1543 ciupitur,
833 1481 955 1543 quorum
985 1466 1099 1542 primus
1131 1463 1204 1525 datus
1231 1462 1330 1542 Syrtes

181 1565 273 1636 babet,
301 1563 375 1626 ulter
389 1562 548 1644 imparibus
563 1562 674 1642 quidem
689 1565 824 1624 siuuotur
838 1561 950 1642 fipuriu
966 1561 1014 1623 scd
1034 1566 1064 1623 iu
1079 1565 1210 1624 mouture
1226 1561 1331 1624 debitus

182 1675 222 1728 est
243 1667 352 1735 morie,
386 1681 507 1743 quorum
528 1680 620 1722 uuum
641 1659 781 1724 Gallicum
804 1663 922 1734 dicitur,
946 1661 1232 1741 eboracensium,
1255 1662 1331 1741 quod

182 1764 296 1846 quidem
328 1760 489 1824 Aristoteles
522 1759 705 1823 Surdiuieuse
734 1760 839 1823 melreit
871 1761 974 1833 dicere,
1007 1765 1123 1824 tertium
1155 1759 1332 1825 Adriaticum

182 1863 307 1944 pelopus.
338 1857 438 1938 διχῶς
459 1859 549 1938 igitur
571 1859 699 1920 Graecus
724 1867 826 1922 auctor
849 1861 885 1921 da
913 1858 1026 1921 duabus
1051 1859 1185 1940 Syrtibus
1208 1858 1332 1938 intelligi

181 1962 282 2035 voluit,
304 1960 426 2020 Latinus
446 1977 515 2019 vcro
538 1957 574 2019 dc
599 1956 735 2036 Syrtibus
757 1977 791 2021 ac
814 1959 850 2019 de
873 1957 937 2020 aliis
960 1958 1093 2038 partibus
1110 1959 1199 2020 maris
1222 1957 1333 2020 interni

182 2059 327 2123 intellexit
348 2057 437 2120 verba
461 2055 508 2130 εἷς
530 2053 588 2129 τὰς
610 2053 813 2138 καλουμένας
835 2052 969 2141 Σύρτεις
1002 2076 1096 2119 unum
1125 2066 1208 2118 ratus
1231 2058 1332 2120 sinum

183 2159 357 2239 siguificare,
380 2154 438 2218 tut
460 2150 590 2239 θάτερα
612 2155 737 2218 alterum
754 2157 867 2220 dexteri
889 2159 999 2220 lateris.
1043 2158 1091 2219 vir
1111 2177 1185 2221 vero·
1201 2158 1332 2238 ineptius

184 2260 344 2342 quidquam
368 2255 526 2336 excogitari
548 2261 656 2335 potest.
702 2273 770 2316 uam
803 2264 837 2317 ut
869 2277 904 2319 ex
938 2258 983 2319 bis
1017 2257 1168 2319 erroribus
1196 2257 1331 2338 prolecto

182 2358 360 2443 perspicitur
382 2355 477 2418 Latini
501 2355 537 2416 de
560 2355 673 2416 mundo
707 2353 774 2416 libri
797 2355 924 2436 scriptor
947 2375 1037 2437 quam
1060 2357 1188 2418 Graecae
1217 2356 1334 2436 liuguae

182 2459 350 2541 primorum
366 2457 586 2518 clementorum
601 2453 720 2532 ignarus
736 2452 835 2529 luerit,
851 2455 892 2518 ita
908 2455 1106 2518 deterrarum
1123 2455 1332 2535 descriptione,

184 2560 220 2621 de
242 2557 407 2622 insularum
430 2573 464 2615 ac
486 2553 616 2614 marium
639 2551 698 2614 situ
720 2552 860 2616 omnibus
893 2562 1035 2618 uotorum
1069 2575 1117 2617 res
1145 2574 1183 2616 ne
1205 2553 1332 2616 maxime

183 2659 269 2720 tritas
292 2656 412 2738 quidem
436 2661 467 2715 ct
488 2653 618 2732 vulgatas
635 2671 668 2714 ex
691 2652 783 2714 litoris
800 2653 931 2734 cognitas
948 2673 1018 2716 eum
1033 2653 1173 2716 babuisse
1188 2651 1334 2735 probatur

185 2776 239 2818 neo
260 2755 399 2818 notiones
414 2751 621 2834 geographicas
637 2751 871 2832 simplicissimas
886 2753 1068 2833 primoribus
1083 2749 1172 2816 labris
1186 2753 1331 2832 attigisse:

185 2856 242 2920 nisi
263 2855 340 2916 forte
363 2869 506 2932 magnum
529 2857 617 2932 putas
640 2866 750 2912 nomen
772 2850 863 2913 Africi
887 2853 975 2914 maris
998 2852 1087 2914 fando
1110 2851 1267 2914 audivisse.

270 2960 358 3033 atque
385 2951 518 3013 eiusdem
553 2948 723 3029 disciplinae
756 2949 950 3029 ignorationis
983 2951 1058 3024 alius
1090 2951 1174 3014 locus
1207 2950 1333 3013 idoneus

185 3054 270 3118 testis
292 3059 347 3114 cst.
369 3058 444 3131 puto
467 3046 614 3121 caterba,
637 3067 713 3128 quac
736 3049 773 3111 dc
789 3049 892 3130 Caspio
908 3049 982 3112 mari
1005 3069 1049 3130 cp.
1074 3050 1103 3124 6,
1120 3047 1203 3109 2-4
1227 3049 1335 3130 scripta

186 3161 256 3218 sunt
278 3151 313 3213 eb
337 3159 403 3214 ortu
423 3150 491 3212 solie
514 3149 645 3210 Ocecuus
659 3158 699 3210 est
721 3147 850 3214 luditum
872 3159 898 3212 et
913 3149 1057 3211 Persicum
1071 3167 1152 3212 roure
1174 3149 1334 3230 coufortat,

185 3253 250 3315 biuc
269 3259 417 3332 putescunt
437 3249 558 3330 μαλυιτ
580 3245 675 3308 Rubri
694 3251 800 3322 mures,
824 3267 897 3328 pute
914 3268 969 3329 per
992 3259 1127 3330 crepuatcs
1148 3247 1331 3330 loupiupucs·

186 3370 238 3432 pue
258 3351 353 3431 [eutis
386 3351 416 3410 iu
443 3346 623 3426 Hyrccuiuue
657 3355 682 3406 et
712 3345 847 3426 Caspium
879 3348 1035 3426 flectemur
1066 3345 1162 3420 semul,
1197 3365 1265 3409 uam
1299 3347 1335 3408 iis

189 3467 305 3529 quoque
328 3449 551 3510 demonstratur
573 3451 726 3506 auctorem
751 3445 895 3508 Graecum
928 3449 1041 3507 iontem
1074 3453 1104 3507 et
1137 3445 1209 3507 falso
1239 3446 1335 3506 iuter·-

187 3555 333 3627 pretatum
358 3564 421 3608 esse
444 3551 474 3605 ct
496 3545 532 3605 dc
562 3545 621 3606 situ
650 3543 738 3606 maris
761 3542 860 3624 Caspii
888 3552 919 3607 ct
940 3545 1065 3625 Hyrcani
1086 3563 1175 3625 prava
1198 3546 1335 3607 sensisse.

186 3644 448 3710 Pseudaristoteles
471 3643 550 3704 enirn
567 3644 654 3724 plano
672 3662 706 3706 ac
728 3643 887 3706 manifesto
904 3643 1002 3718 modo,
1026 3643 1103 3705 sicut
1125 3651 1199 3706 tuuc
1221 3645 1257 3705 dc
1279 3642 1335 3707 illis

186 3744 319 3808 maribus
343 3744 513 3826 pervulgata
529 3742 628 3822 opinio
645 3750 716 3817 erat,
740 3744 827 3805 docet
848 3763 878 3824 p.
896 3741 988 3803 393b
1013 3739 1032 3802 2
1048 3761 1091 3822 sq.
1117 3739 1200 3824 πρός
1214 3764 1252 3820 γε
1273 3740 1337 3825 μὴν

185 3852 260 3918 ταῖς
292 3839 489 3922 ἆυασχέσεσι
522 3839 580 3902 τοῦ
612 3836 707 3922 ἡλίου
740 3839 846 3904 πάλιν
878 3841 1014 3930 είορέων
1041 3835 1245 3915 δὩκεανδς,
1279 3841 1337 3907 τὸν

179 3935 318 4005 Ἰνδικόν
340 3964 375 4003 τε
397 3940 453 4003 καὶ
479 3935 641 4024 Περσικὸν
663 3938 834 4015 διανοίξας
855 3931 994 4015 κόλπον,
1019 3933 1196 4022 ἀναφαίνει
1219 3942 1339 4026 συνεχῆ

186 4041 245 4124 τὴν
262 4038 427 4124 Ἐρυθρὰν
455 4038 637 4103 θάλασσαν
659 4036 849 4125 διειληφώς.
885 4038 943 4102 ἐπὶ
973 4036 1152 4122 θάτερον
1178 4036 1215 4101 ‹tt
1242 4041 1338 4124 κέρας

255 4212 275 4275 ¹)
295 4213 376 4264 codex
393 4211 414 4262 0
433 4207 559 4280 θάτερον.

255 4293 277 4361 ²)
295 4295 333 4346 ita
356 4295 438 4345 codex
462 4293 610 4346 Vaticanus.
646 4293 701 4358 ipsc
728 4289 870 4358 †deutroa
896 4293 988 4344 scribit
1015 4292 1089 4346 velut
1115 4290 1285 4356 coenaturus,
1314 4292 1338 4342 si

186 4383 260 4428 recte
277 4375 304 4426 it
323 4375 440 4441 equidem
457 4375 592 4440 intelligo,
619 4388 714 4437 negare
736 4387 793 4430 sese
813 4375 936 4438 eiusmodi
955 4374 1082 4428 stultitias
1100 4372 1236 4442 Apuleium
1253 4373 1338 4425 scion·

189 4464 240 4509 tcm
258 4454 360 4522 iecisse,
381 4471 442 4522 quas
460 4455 478 4506 l.
496 4456 514 4508 l.
533 4474 555 4524 p.
577 4456 627 4508 680
645 4470 770 4506 excusare
789 4462 895 4507 conatus
914 4463 961 4508 cst.
