3324 5238
616 408 834 470 -69-

142 584 341 646 reformidare
364 583 408 645 vel
431 583 571 645 detestari
600 584 723 646 videtur.
780 585 827 645 hic
856 601 975 665 quoque
1010 603 1078 647 eum
1112 586 1297 649 nescientem

143 683 218 762 quid
241 682 363 744 Aloidae
383 682 604 762 spectavissent,
628 683 679 763 qui
691 683 828 754 fuissent,
852 683 889 745 dc
904 691 964 745 tota
980 703 1012 746 re
1027 683 1143 746 siluisse
1158 683 1297 765 equidem

144 782 319 844 coniectura
342 782 497 862 adsequor.
697 850 700 855 ,

125 918 128 922 -
232 880 284 942 sed
321 880 431 954 omnia,
465 898 539 960 quae
570 899 625 944 nos
657 882 838 944 documento
871 900 937 943 esse
970 889 1120 944 auctorem
1158 882 1225 944 libri
1261 883 1298 946 de

144 982 260 1044 mundo
294 980 448 1042 hominem
482 981 589 1042 rudem
622 981 715 1042 fuisse
748 988 778 1041 et
814 980 985 1060 imperitum
1022 980 1147 1045 Graecae
1180 983 1298 1061 linguae

142 1082 284 1144 tritarum
301 1079 480 1158 regularum,
501 1079 592 1141 rebus
615 1079 743 1159 antiquis
766 1096 800 1140 ac
825 1079 919 1142 literis
948 1080 1140 1161 antiquorum
1169 1081 1297 1162 scripto-

142 1201 213 1245 rum
237 1199 342 1262 parum
366 1183 546 1241 instructum
570 1179 788 1250 contendimus,
811 1179 946 1258 plerique
961 1180 1054 1241 immo
1071 1199 1177 1242 omnes
1200 1181 1297 1244 adhuc

143 1281 200 1342 viri
223 1279 310 1352 docti,
334 1277 437 1358 quiqui
460 1277 497 1338 de
519 1296 553 1337 ea
576 1295 609 1338 re
632 1276 814 1338 mentionem
843 1278 992 1350 lecerunt,
1027 1287 1090 1340 orta
1125 1299 1192 1341 esse
1225 1299 1296 1342 cen·

143 1386 273 1442 suerunt
295 1397 330 1438 ex
363 1375 554 1439 festinatione
587 1374 713 1455 quadam
747 1384 775 1436 et
807 1376 957 1439 celeritate
990 1378 1157 1453 scribendi,
1191 1380 1230 1441 ita
1263 1388 1297 1441 ut

142 1477 350 1557 neglegentiae
372 1493 478 1537 omnes
501 1491 625 1545 errores,
648 1473 721 1548 nihil
743 1492 845 1536 eorum
867 1476 1056 1549 inscientiae,
1084 1477 1156 1538 nihil
1179 1479 1296 1558 impru-

143 1578 265 1639 dentiae
287 1573 509 1638 attribuendnm
540 1581 626 1634 esset.
651 1574 721 1634 'sed
751 1593 794 1645 ea,
828 1593 905 1654 quae
925 1583 1043 1637 tantum
1076 1575 1158 1656 lapsu
1193 1577 1296 1640 calami

143 1677 207 1738 sive
228 1675 371 1738 dissoluta
395 1671 542 1752 diligentia
565 1680 682 1752 peccata
706 1682 793 1745 sunt,
828 1672 906 1735 haud
931 1673 1088 1735 difficulter
1110 1674 1146 1737 ab
1168 1675 1225 1738 illis
1247 1695 1296 1738 se·

143 1776 240 1856 parari
262 1793 350 1855 posse
373 1773 559 1845 arbitramur,
583 1790 658 1858 quae
680 1773 811 1852 profecta
835 1792 871 1833 ex
894 1772 982 1834 nimis
1011 1773 1093 1834 tenui
1116 1773 1294 1854 cognitione,

143 1895 180 1937 ex
202 1875 267 1937 altis
291 1865 396 1936 studiis
419 1888 540 1952 prorsus
565 1870 706 1950 neglectis
723 1871 929 1934 demonstrare
953 1873 1043 1934 modo
1060 1873 1157 1934 eonati
1181 1893 1294 1938 sumus.

143 1984 233 2054 atque
255 1991 287 2036 ea
310 1969 440 2052 quidem,
463 1988 538 2050 quae
561 1988 636 2048 opus
659 1977 692 2030 ut
714 1969 817 2031 leviter
840 1976 869 2031 et
891 1989 997 2050 parurn
1021 1978 1157 2033 accurate
1180 1972 1294 2035 factum

144 2062 297 2155 praebent,
320 2089 396 2152 quae
420 2075 452 2130 ut
475 2067 599 2131 remisse
621 2068 826 2146 vituperantur
848 2069 887 2131 ita
911 2086 980 2129 mox
1003 2077 1189 2144 excusantur,
1213 2071 1293 2133 haud

146 2175 319 2253 frequenter
341 2170 372 2230 in
395 2167 471 2230 libro
494 2167 531 2227 de
554 2167 667 2228 mundo
690 2167 891 2229 inveniuntur.
936 2185 994 2248 quo
1010 2167 1043 2229 in
1059 2187 1168 2248 genere
1190 2169 1294 2244 habeo,

146 2270 226 2352 quod
250 2269 378 2348 scriptor
400 2286 445 2347 op.
470 2263 519 2336 23,
546 2265 583 2324 14
607 2264 704 2326 videas
727 2276 753 2327 et
774 2266 966 2329 viridantibus
997 2271 1084 2328 comis
1106 2271 1296 2330 caesoriacum

144 2389 201 2432 erse
222 2382 331 2432 terram
359 2385 394 2428 cx
424 2365 536 2426 Gracco
566 2357 587 2446 ἤ
613 2385 648 2424 aa
675 2362 716 2447 γῆ
747 2372 864 2446 φυτοῖς
897 2363 1033 2446 rapidae
1062 2364 1294 2440 παντοδαποῖς

147 2472 187 2549 (p.
213 2467 303 2530 397³
326 2466 379 2544 24)
408 2465 488 2536 fecit,
522 2463 589 2543 quia
618 2463 728 2525 Graece
750 2462 857 2545 κομᾶν
881 2481 934 2544 per
955 2464 1181 2526 translationem
1205 2485 1294 2528 usur·

144 2578 242 2649 patur,
265 2565 495 2647 vixunquam1)
518 2563 621 2624 Latine
637 2565 773 2624 caesaries
788 2561 833 2623 vel
849 2567 1031 2626 caesariana.
1076 2564 1127 2625 sed
1148 2565 1295 2627 eiusmodi

145 2667 310 2747 exemplum
334 2665 381 2726 vir
404 2665 530 2726 alterum
564 2662 703 2743 reperias.
747 2661 784 2722 de
819 2680 877 2724 uno
902 2662 1032 2741 ‘quidem
1066 2681 1174 2742 genere
1206 2664 1295 2728 vehe-

144 2773 261 2828 menter
283 2782 352 2826 eum
374 2762 651 2844 reprehendendum
675 2779 740 2822 esse
762 2761 907 2832 concedo,
943 2762 1022 2839 quod
1056 2771 1158 2824 auctor
1191 2763 1293 2842 negle-

144 2865 259 2945 gentiae
282 2881 353 2925 suae
374 2860 547 2933 indulserit,
579 2860 646 2922 dico
681 2859 880 2940 frequentiam
914 2860 1069 2922 nominum
1102 2859 1293 2925 Graecorum.

142 2966 173 3026 iu
196 2962 335 3024 omnibus
357 2961 437 3024 enirn
459 2959 563 3040 Apulei
586 2958 704 3038 scriptis
727 2958 837 3020 mimm
858 2964 914 3030 est,
947 2977 1035 3038 quam
1058 2979 1125 3022 raro
1149 2960 1294 3022 Graecum

143 3062 319 3126 vocabulum
340 3077 402 3122 non
426 3057 532 3120 Latino
555 3057 634 3120 idem
656 3057 840 3136 significante
862 3057 1012 3121 redditum
1036 3059 1082 3133 sit,
1105 3059 1157 3121 sed
1180 3067 1314 3122 mutato·

143 3168 260 3224 tantum
274 3159 356 3221 ,exitu
378 3157 409 3219 in
431 3157 557 3219 alienam
581 3157 709 3236 linguam
731 3156 908 3220 translatum
936 3156 983 3219 eit.
1018 3165 1121 3221 contra
1153 3158 1187 3220 in
1219 3157 1293 3221 libro

144 3261 179 3324 de
202 3259 314 3320 mundo
338 3275 426 3337 saepe
454 3275 491 3318 ue
521 3274 554 3317 ea
583 3255 702 3336 quidem
731 3273 874 3320 conversa
902 3265 989 3331 sunt,
1024 3257 1131 3337 quibus
1157 3258 1294 3321 facillime

144 3359 247 3421 Latina
269 3356 410 3420 substitui
432 3363 578 3435 poterant
624 3353 773 3416 lloziolius
795 3373 829 3416 aa
860 3355 893 3416 in
927 3354 980 3428 iis,
1014 3374 1090 3435 quae
1123 3357 1160 3417 de
1189 3356 1295 3436 Apulei

147 3456 261 3518 dicendi
283 3473 390 3536 genere
413 3454 538 3534 collegit,
565 3474 592 3534 p.
618 3453 679 3516 308
708 3453 808 3514 omnia
840 3453 993 3534 excerpsit
1028 3453 1086 3515 iam
1110 3454 1295 3518 Goldbacher

146 3555 209 3636 eph.
243 3573 342 3636 gymn.
375 3553 476 3614 lustr.
510 3552 564 3614 vol.
598 3551 698 3614 XXIV.
733 3570 762 3630 p.
786 3548 847 3612 738
881 3569 946 3614 rem
975 3552 1014 3614 ita
1040 3572 1073 3614 sc
1089 3553 1199 3616 habere
1214 3563 1295 3618 reete

144 3653 300 3716 observans
322 3651 384 3713 fere
407 3649 559 3711 dimidiam
593 3658 708 3730 partem
742 3649 876 3712 omnium
912 3652 988 3732 apud
1021 3652 1186 3732 Apuleium·
1203 3653 1295 3732 Grac·

143 3770 244 3816 corum
269 3750 479 3814 vocabulorum
501 3748 533 3811 in
555 3749 617 3810 solo
640 3749 677 3810 de
700 3747 812 3810 mundo
835 3747 911 3811 libro
933 3749 1031 3812 inesse
1062 3750 1215 3814 confessus
1238 3759 1293 3814 est.

144 3851 197 3913 scd
221 3869 255 3912 ea
276 3850 339 3930 ipsa
362 3848 492 3928 denique
515 3847 695 3910 Graecorum
719 3846 878 3909 verborum
912 3849 1078 3929 frequentia
1110 3868 1222 3913 navum
1246 3869 1293 3914 ar-

143 3955 318 4029 gumentum
352 3955 501 4028 praestare
536 3946 622 4009 uobis
655 3945 787 4019 videtur,
821 3965 880 4026 quo
915 3947 1088 4010 ostendatur
1121 3947 1231 4011 librum
1257 3950 1295 4012 de

143 4047 255 4109 mundo
278 4064 340 4108 non
368 4047 405 4109 ab
432 4046 555 4128 Apuleio
588 4045 774 4109 Madaurensi
809 4045 978 4108 confectum
1013 4063 1085 4108 esse.
1129 4063 1198 4108 nam
1231 4049 1294 4128 ipse

143 4146 215 4226 apol
241 4144 291 4217 38,
318 4146 357 4206 15
380 4164 423 4226 sq.
449 4145 485 4207 de
515 4144 660 4206 eiusmodi
688 4144 795 4208 studiis
823 4143 868 4206 his
903 4142 998 4206 verbis
1032 4144 1163 4207 disserit:
1200 4165 1294 4226 pauca

143 4248 229 4307 etiam
251 4243 284 4305 de
306 4241 413 4306 latmia
435 4247 548 4324 scriptis
569 4247 639 4306 otas
661 4242 699 4304 ad
713 4243 832 4306 eoadem
851 4246 986 4323 peritiam
1011 4245 1218 4324 pcrtinentibus
1241 4245 1297 4325 lapi

210 4381 232 4448 ¹)
250 4381 312 4432 milri
330 4395 395 4431 nans
414 4381 486 4432 locns
506 4389 582 4432 notus
606 4387 648 4433 ost
669 4382 733 4446 apud
757 4380 898 4432 Eunodinm
921 4372 1008 4446 paneg.
1031 4381 1085 4447 6,6
1109 4383 1168 4448 tiegi
1183 4375 1293 4449 'pruina-

142 4477 202 4516 rum
219 4461 327 4515 eandm
344 4459 426 4513 relata
445 4466 580 4516 mnatre
